Open Time,Order,Symbol,Type,Volume,Volume ,Price ,Price,S / L,T / P,Time,State
2024.11.21 06:58:08,20290059743,Jump 25 Index,buy limit,0.05 / 0,0.05,87468.39,87468.39,,,2024.12.03 10:42:22,canceled
2024.11.29 14:11:23,20296189722,Boom 1000 Index,buy limit,1 / 0,1,20745.558,20745.558,20386.9629,,2024.12.02 04:01:07,rejected
2024.11.29 14:59:51,20296221024,Boom 1000 Index,buy limit,1 / 0,1,20280.9103,20280.9103,20269.3231,,2024.12.02 06:36:53,canceled
2024.12.02 06:36:39,20298154112,Boom 1000 Index,buy limit,1 / 0,1,20703.1904,20703.1904,,,2024.12.02 08:15:13,rejected
2024.12.02 08:16:08,20298211332,Boom 1000 Index,buy,0.2 / 0.2,0.2,,market,,,2024.12.02 08:16:09,filled
2024.12.02 08:16:10,20298211347,Boom 1000 Index,buy,0.2 / 0.2,0.2,,market,,,2024.12.02 08:16:10,filled
2024.12.02 08:16:11,20298211388,Boom 1000 Index,buy,0.2 / 0.2,0.2,,market,,,2024.12.02 08:16:12,filled
2024.12.02 08:16:12,20298211394,Boom 1000 Index,buy,0.2 / 0.2,0.2,,market,,,2024.12.02 08:16:13,filled
2024.12.02 08:34:05,20298223559,Boom 1000 Index,sell,0.2 / 0.2,0.2,20678.65,20678.65,,,2024.12.02 08:34:05,filled
2024.12.02 08:37:23,20298225670,Boom 1000 Index,sell,0.2 / 0.2,0.2,,market,,,2024.12.02 08:37:24,filled
2024.12.02 08:37:24,20298225675,Boom 1000 Index,sell,0.2 / 0.2,0.2,,market,,,2024.12.02 08:37:25,filled
2024.12.02 08:37:26,20298225681,Boom 1000 Index,sell,0.2 / 0.2,0.2,,market,,,2024.12.02 08:37:26,filled
2024.12.02 09:16:01,20298251093,Boom 1000 Index,buy limit,0.2 / 0.2,0.2,20648.2096,20648.2096,,,2024.12.02 10:25:45,filled
2024.12.02 09:16:06,20298251151,Boom 1000 Index,buy limit,0.2 / 0,0.2,20647.299,20647.299,,,2024.12.02 10:26:26,rejected
2024.12.02 09:16:16,20298251262,Boom 1000 Index,buy limit,0.2 / 0,0.2,20646.8437,20646.8437,,,2024.12.02 10:26:33,canceled
2024.12.02 10:42:21,20298312094,Boom 1000 Index,sell,0.2 / 0.2,0.2,,market,,,2024.12.02 10:42:22,filled
2024.12.02 15:03:10,20298501792,Boom 1000 Index,buy limit,1 / 0,1,20277.356,20277.356,20217.1332,,2024.12.02 15:03:30,canceled
2024.12.02 15:03:39,20298502395,Boom 1000 Index,buy limit,1 / 0,1,20278.9034,20278.9034,,,2024.12.02 15:03:53,canceled
2024.12.02 15:04:04,20298502703,Boom 1000 Index,buy limit,0.2 / 0,0.2,20282.549,20282.549,,,2024.12.02 15:18:05,canceled
2024.12.02 15:04:13,20298502830,Boom 1000 Index,buy limit,0.2 / 0,0.2,20281.0907,20281.0907,,,2024.12.02 15:18:01,canceled
2024.12.02 15:04:21,20298502939,Boom 1000 Index,buy limit,0.2 / 0,0.2,20280.3616,20280.3616,,,2024.12.02 15:17:54,canceled
2024.12.02 15:04:31,20298503087,Boom 1000 Index,buy limit,0.2 / 0,0.2,20282.549,20282.549,,,2024.12.02 15:17:50,canceled
2024.12.02 15:13:04,20298509951,Crash 1000 Index,sell limit,0.2 / 0,0.2,5584.8295,5584.8295,5588.9799,,2024.12.03 13:14:57,canceled
2024.12.02 15:13:16,20298510109,Crash 1000 Index,sell limit,0.2 / 0,0.2,5584.8361,5584.8361,5589.0285,,2024.12.03 13:15:04,canceled
2024.12.02 15:14:10,20298511050,Crash 1000 Index,sell limit,0.2 / 0,0.2,5584.1653,5584.1653,5589.0285,,2024.12.03 13:15:08,canceled
2024.12.02 15:14:21,20298511198,Crash 1000 Index,sell limit,0.2 / 0,0.2,5584.5007,5584.5007,,,2024.12.03 13:15:12,canceled
2024.12.02 15:14:27,20298511270,Crash 1000 Index,sell limit,0.2 / 0,0.2,5584.5007,5584.5007,5589.0285,,2024.12.03 13:15:18,canceled
2024.12.02 15:14:40,20298511375,Crash 1000 Index,sell limit,0.2 / 0,0.2,5584.6319,5584.6319,5588.9799,,2024.12.03 13:15:22,canceled
2024.12.02 15:14:47,20298511458,Crash 1000 Index,sell limit,0.2 / 0,0.2,5584.5063,5584.5063,5588.8236,,2024.12.03 13:15:30,canceled
2024.12.02 15:14:55,20298511504,Crash 1000 Index,sell limit,0.2 / 0,0.2,5584.6319,5584.6319,5589.3752,,2024.12.03 13:15:33,canceled
2024.12.02 15:19:11,20298514178,Boom 1000 Index,buy limit,0.2 / 0,0.2,20334.7331,20334.7331,20311.3453,,2024.12.02 18:59:03,canceled
2024.12.02 15:19:23,20298514280,Boom 1000 Index,buy limit,0.2 / 0,0.2,20336.0636,20336.0636,20311.0725,,2024.12.02 18:59:03,canceled
2024.12.02 15:19:39,20298514443,Boom 1000 Index,buy limit,0.2 / 0,0.2,20334.2705,20334.2705,20317.4768,,2024.12.02 18:59:03,canceled
2024.12.02 15:19:50,20298514625,Boom 1000 Index,buy limit,0.2 / 0,0.2,20335.7975,20335.7975,20316.7017,,2024.12.02 18:59:03,canceled
2024.12.02 17:17:20,20298597667,Step Index,buy limit,0.2 / 0,0.2,8203.9,8203.9,8201.6,,2024.12.03 10:42:49,canceled
2024.12.02 17:21:48,20298600454,Boom 1000 Index,buy limit,0.2 / 0,0.2,20324.4526,20324.4526,20317.4768,,2024.12.02 18:59:03,canceled
2024.12.02 17:22:00,20298600620,Boom 1000 Index,buy limit,0.2 / 0,0.2,20325.4861,20325.4861,,,2024.12.02 18:59:03,canceled
2024.12.02 18:59:13,20298663403,Boom 1000 Index,buy limit,0.2 / 0,0.2,20328.428,20328.428,20314.5542,,2024.12.03 13:15:37,canceled
2024.12.02 18:59:20,20298663478,Boom 1000 Index,buy limit,0.2 / 0,0.2,20328.428,20328.428,20314.6704,,2024.12.03 13:15:41,canceled
2024.12.02 18:59:28,20298663573,Boom 1000 Index,buy limit,0.2 / 0,0.2,20326.7979,20326.7979,20314.7641,,2024.12.03 13:15:45,canceled
2024.12.02 18:59:39,20298663683,Boom 1000 Index,buy limit,0.2 / 0,0.2,20328.428,20328.428,20314.7444,,2024.12.03 13:15:48,canceled
2024.12.02 21:17:07,20298756219,Crash 500 Index,sell limit,0.2 / 0,0.2,4366.204,4366.204,4373.966,,2024.12.03 13:15:52,canceled
2024.12.02 21:17:16,20298756272,Crash 500 Index,sell limit,0.2 / 0,0.2,4365.833,4365.833,4373.966,,2024.12.03 13:15:55,canceled
2024.12.02 21:17:27,20298756340,Crash 500 Index,sell limit,0.2 / 0,0.2,4365.981,4365.981,4373.966,,2024.12.03 13:15:58,canceled
2024.12.02 21:17:36,20298756403,Crash 500 Index,sell limit,0.2 / 0,0.2,4366.055,4366.055,4373.966,,2024.12.03 13:16:01,canceled
2024.12.02 21:17:53,20298756538,Crash 500 Index,sell limit,0.2 / 0,0.2,4365.611,4365.611,4373.966,,2024.12.03 13:16:05,canceled
2024.12.02 21:58:52,20298776116,Crash 500 Index,sell limit,0.2 / 0,0.2,4366.007,4366.007,4374.136,,2024.12.03 13:16:08,canceled
2024.12.02 21:59:15,20298776308,Crash 500 Index,sell limit,0.2 / 0,0.2,4365.575,4365.575,4373.704,,2024.12.03 13:16:11,canceled
2024.12.02 21:59:28,20298776384,Crash 500 Index,sell limit,0.2 / 0,0.2,4365.92,4365.92,4373.793,,2024.12.03 13:16:15,canceled
2024.12.02 21:59:44,20298776518,Crash 500 Index,sell limit,0.2 / 0,0.2,4365.892,4365.892,4373.779,,2024.12.03 13:16:18,canceled
2024.12.02 22:00:45,20298777060,Crash 1000 Index,sell limit,0.2 / 0,0.2,5584.5167,5584.5167,5589.2303,,2024.12.03 13:16:21,canceled
2024.12.02 22:01:02,20298777233,Crash 1000 Index,sell limit,0.2 / 0,0.2,5584.3694,5584.3694,5589.0082,,2024.12.03 13:16:24,canceled
2024.12.03 07:46:06,20299004185,Boom 1000 Index,buy,0.2 / 0.2,0.2,,market,,,2024.12.03 07:46:07,filled
2024.12.03 07:46:12,20299004265,Boom 1000 Index,buy,0.2 / 0.2,0.2,,market,,,2024.12.03 07:46:12,filled
2024.12.03 07:46:16,20299004318,Boom 1000 Index,buy,0.2 / 0.2,0.2,,market,,,2024.12.03 07:46:16,filled
2024.12.03 07:46:20,20299004390,Boom 1000 Index,buy,0.2 / 0.2,0.2,,market,,,2024.12.03 07:46:21,filled
2024.12.03 08:11:47,20299022526,Boom 1000 Index,sell,0.2 / 0.2,0.2,,market,,,2024.12.03 08:11:48,filled
2024.12.03 08:11:50,20299022537,Boom 1000 Index,sell,0.2 / 0.2,0.2,,market,,,2024.12.03 08:11:50,filled
2024.12.03 08:11:51,20299022552,Boom 1000 Index,sell,0.2 / 0.2,0.2,,market,,,2024.12.03 08:11:52,filled
2024.12.03 08:11:53,20299022573,Boom 1000 Index,sell,0.2 / 0.2,0.2,,market,,,2024.12.03 08:11:53,filled
2024.12.03 08:13:24,20299023681,Boom 1000 Index,buy,0.2 / 0.2,0.2,,market,,,2024.12.03 08:13:24,filled
2024.12.03 08:13:25,20299023734,Boom 1000 Index,buy,0.2 / 0.2,0.2,,market,,,2024.12.03 08:13:26,filled
2024.12.03 08:13:28,20299023775,Boom 1000 Index,buy,0.2 / 0.2,0.2,,market,,,2024.12.03 08:13:29,filled
2024.12.03 08:13:30,20299023795,Boom 1000 Index,buy,0.2 / 0.2,0.2,,market,,,2024.12.03 08:13:31,filled
2024.12.03 09:17:10,20299069894,Boom 1000 Index,sell,0.2 / 0.2,0.2,,market,,,2024.12.03 09:17:11,filled
2024.12.03 09:17:10,20299069895,Boom 1000 Index,sell,0.2 / 0.2,0.2,,market,,,2024.12.03 09:17:11,filled
2024.12.03 09:17:10,20299069896,Boom 1000 Index,sell,0.2 / 0.2,0.2,,market,,,2024.12.03 09:17:11,filled
2024.12.03 09:17:10,20299069897,Boom 1000 Index,sell,0.2 / 0.2,0.2,,market,,,2024.12.03 09:17:11,filled
2024.12.03 09:17:40,20299070351,Boom 1000 Index,buy,0.2 / 0.2,0.2,,market,,,2024.12.03 09:17:41,filled
2024.12.03 09:17:41,20299070366,Boom 1000 Index,buy,0.2 / 0.2,0.2,,market,,,2024.12.03 09:17:42,filled
2024.12.03 09:17:43,20299070375,Boom 1000 Index,buy,0.2 / 0.2,0.2,,market,,,2024.12.03 09:17:43,filled
2024.12.03 09:17:43,20299070383,Boom 1000 Index,buy,0.2 / 0.2,0.2,,market,,,2024.12.03 09:17:44,filled
2024.12.03 09:18:48,20299071186,Boom 1000 Index,sell,0.2 / 0.2,0.2,,market,,,2024.12.03 09:18:49,filled
2024.12.03 09:18:48,20299071188,Boom 1000 Index,sell,0.2 / 0.2,0.2,,market,,,2024.12.03 09:18:49,filled
2024.12.03 09:18:48,20299071189,Boom 1000 Index,sell,0.2 / 0.2,0.2,,market,,,2024.12.03 09:18:49,filled
2024.12.03 09:18:48,20299071190,Boom 1000 Index,sell,0.2 / 0.2,0.2,,market,,,2024.12.03 09:18:49,filled
2024.12.03 10:04:25,20299104309,Volatility 50 Index,buy limit,4 / 0,4,309.7701,309.7701,308.9644,,2024.12.03 13:16:38,canceled
2024.12.03 10:04:41,20299104480,Volatility 50 Index,buy limit,4 / 0,4,309.7701,309.7701,308.9644,,2024.12.03 13:16:42,canceled
2024.12.03 10:06:57,20299106306,Boom 900 Index,buy limit,1 / 1,1,9772.795,9772.795,9769.098,,2024.12.03 11:24:59,filled
2024.12.03 10:55:37,20299139793,Boom 900 Index,buy limit,1 / 0,1,9772.511,9772.511,9768.939,,2024.12.03 11:25:23,rejected
2024.12.03 11:06:21,20299146752,Boom 900 Index,buy,0.2 / 0.2,0.2,,market,,,2024.12.03 11:06:21,filled
2024.12.03 11:06:22,20299146768,Boom 900 Index,buy,0.2 / 0.2,0.2,,market,,,2024.12.03 11:06:23,filled
2024.12.03 11:06:24,20299146785,Boom 900 Index,buy,0.2 / 0.2,0.2,,market,,,2024.12.03 11:06:25,filled
2024.12.03 11:29:54,20299162481,Boom 900 Index,sell,1 / 1,1,9769.098,9769.098,,,2024.12.03 11:29:55,filled
2024.12.03 11:38:06,20299168272,Boom 900 Index,buy limit,1 / 0,1,9769.846,9769.846,,,2024.12.03 12:47:12,canceled
2024.12.03 11:38:23,20299168644,Boom 900 Index,buy limit,1 / 0,1,9769.663,9769.663,,,2024.12.03 11:51:07,canceled
2024.12.03 11:59:39,20299184509,Crash 500 Index,buy,0.2 / 0.2,0.2,,market,,,2024.12.03 11:59:40,filled
2024.12.03 12:01:16,20299186008,Boom 900 Index,buy,0.2 / 0.2,0.2,,market,,,2024.12.03 12:01:17,filled
2024.12.03 12:01:17,20299186023,Boom 900 Index,buy,0.2 / 0.2,0.2,,market,,,2024.12.03 12:01:18,filled
2024.12.03 12:01:18,20299186036,Boom 900 Index,buy,0.2 / 0.2,0.2,,market,,,2024.12.03 12:01:19,filled
2024.12.03 12:01:19,20299186042,Boom 900 Index,buy,0.2 / 0.2,0.2,,market,,,2024.12.03 12:01:20,filled
2024.12.03 12:12:32,20299195401,Crash 500 Index,sell,0.2 / 0.2,0.2,,market,,,2024.12.03 12:12:33,filled
2024.12.03 12:48:27,20299225400,Boom 900 Index,buy limit,0.2 / 0,0.2,9766.288,9766.288,,,2024.12.03 12:54:13,rejected
2024.12.03 12:48:39,20299225560,Boom 900 Index,buy limit,0.2 / 0,0.2,9765.987,9765.987,,,2024.12.03 12:54:38,rejected
2024.12.03 13:18:44,20299248453,Boom 900 Index,sell,0.2 / 0.2,0.2,,market,,,2024.12.03 13:18:44,filled
2024.12.03 13:18:44,20299248454,Boom 900 Index,sell,0.2 / 0.2,0.2,,market,,,2024.12.03 13:18:44,filled
2024.12.03 13:18:44,20299248455,Boom 900 Index,sell,0.2 / 0.2,0.2,,market,,,2024.12.03 13:18:44,filled
2024.12.03 13:18:44,20299248456,Boom 900 Index,sell,0.2 / 0.2,0.2,,market,,,2024.12.03 13:18:44,filled
2024.12.03 13:18:44,20299248457,Boom 900 Index,sell,0.2 / 0.2,0.2,,market,,,2024.12.03 13:18:44,filled
2024.12.03 13:18:44,20299248458,Boom 900 Index,sell,0.2 / 0.2,0.2,,market,,,2024.12.03 13:18:44,filled
2024.12.03 13:18:44,20299248459,Boom 900 Index,sell,0.2 / 0.2,0.2,,market,,,2024.12.03 13:18:44,filled
2024.12.03 14:20:50,20299294839,Boom 900 Index,buy limit,0.2 / 0,0.2,9779.382,9779.382,,,2024.12.03 18:18:08,canceled
2024.12.03 14:21:58,20299295571,Boom 900 Index,buy limit,0.2 / 0,0.2,9779.27,9779.27,,,2024.12.03 18:18:26,canceled
2024.12.03 14:22:07,20299295652,Boom 900 Index,buy limit,0.2 / 0,0.2,9779.195,9779.195,,,2024.12.03 18:18:18,canceled
2024.12.03 14:22:22,20299295808,Boom 900 Index,buy limit,0.2 / 0,0.2,9779.27,9779.27,,,2024.12.03 18:18:12,canceled
2024.12.03 14:22:42,20299296003,Boom 900 Index,buy limit,0.2 / 0,0.2,9816.909,9816.909,,,2024.12.03 18:18:52,canceled
2024.12.03 18:13:48,20299456081,Boom 900 Index,buy limit,0.2 / 0,0.2,9806.657,9806.657,,,2024.12.03 18:18:52,canceled
2024.12.03 18:17:34,20299458153,Boom 900 Index,buy limit,0.2 / 0,0.2,9816.714,9816.714,,,2024.12.03 18:18:52,canceled
2024.12.03 18:17:49,20299458321,Boom 900 Index,buy limit,0.2 / 0,0.2,9816.6,9816.6,,,2024.12.03 18:18:52,canceled
2024.12.03 18:17:58,20299458439,Boom 900 Index,buy limit,0.2 / 0,0.2,9816.771,9816.771,,,2024.12.03 18:18:52,canceled
2024.12.03 18:19:36,20299459338,Boom 1000 Index,buy limit,0.2 / 0.2,0.2,20516.9216,20516.9216,,,2024.12.03 20:15:29,filled
2024.12.03 18:19:51,20299459475,Boom 1000 Index,buy limit,0.2 / 0.2,0.2,20517.1369,20517.1369,,,2024.12.03 20:15:21,filled
2024.12.03 18:20:02,20299459602,Boom 1000 Index,buy limit,0.2 / 0.2,0.2,20517.6576,20517.6576,,,2024.12.03 20:15:01,filled
2024.12.03 18:20:09,20299459663,Boom 1000 Index,buy limit,0.2 / 0,0.2,20516.5088,20516.5088,,,2024.12.03 18:21:16,canceled
2024.12.03 18:20:15,20299459711,Boom 1000 Index,buy limit,0.2 / 0,0.2,20516.7152,20516.7152,,,2024.12.03 18:21:12,canceled
2024.12.03 19:12:01,20299494368,Boom 900 Index,buy limit,0.2 / 0,0.2,9755.419,9755.419,,,2024.12.03 21:11:43,canceled
2024.12.03 19:12:07,20299494442,Boom 900 Index,buy limit,0.2 / 0,0.2,9755.005,9755.005,,,2024.12.03 21:11:43,canceled
2024.12.03 19:12:13,20299494514,Boom 900 Index,buy limit,0.2 / 0,0.2,9755.419,9755.419,,,2024.12.03 21:11:43,canceled
2024.12.03 20:23:04,20299542512,Boom 1000 Index,buy limit,0.2 / 0,0.2,20480.6677,20480.6677,20468.6244,,2024.12.04 03:49:39,canceled
2024.12.03 20:23:14,20299542728,Boom 1000 Index,buy limit,0.2 / 0,0.2,20512.5385,20512.5385,20505.3903,,2024.12.04 03:49:35,canceled
2024.12.04 03:50:23,20299709506,Boom 1000 Index,buy limit,0.2 / 0,0.2,20482.0599,20482.0599,20468.1361,,2024.12.04 06:40:35,canceled
2024.12.04 03:50:45,20299709646,Boom 1000 Index,buy limit,0.2 / 0,0.2,20480.6675,20480.6675,20466.2796,,2024.12.04 06:40:31,canceled
2024.12.04 06:58:02,20299802995,Boom 900 Index,buy limit,0.2 / 0,0.2,9754.617,9754.617,,,2024.12.04 12:26:25,canceled
2024.12.04 07:03:28,20299806816,Boom 900 Index,buy limit,0.2 / 0,0.2,9754.28,9754.28,,,2024.12.04 12:26:25,canceled
2024.12.04 07:03:37,20299806903,Boom 900 Index,buy limit,0.2 / 0,0.2,9754.853,9754.853,,,2024.12.04 12:26:25,canceled
2024.12.04 07:03:51,20299807019,Boom 900 Index,buy limit,0.2 / 0,0.2,9754.617,9754.617,,,2024.12.04 12:26:25,canceled
2024.12.04 07:03:59,20299807108,Boom 900 Index,buy limit,0.2 / 0,0.2,9755.559,9755.559,,,2024.12.04 12:26:25,canceled
2024.12.04 07:04:08,20299807164,Boom 900 Index,buy limit,0.2 / 0,0.2,9754.731,9754.731,,,2024.12.04 12:26:25,canceled
2024.12.04 07:04:18,20299807264,Boom 900 Index,buy limit,0.2 / 0,0.2,9754.617,9754.617,,,2024.12.04 12:26:25,canceled
2024.12.04 07:04:25,20299807337,Boom 900 Index,buy limit,0.2 / 0,0.2,9754.054,9754.054,,,2024.12.04 12:26:25,canceled
2024.12.04 07:04:33,20299807390,Boom 900 Index,buy limit,0.2 / 0,0.2,9754.617,9754.617,,,2024.12.04 12:26:25,canceled
2024.12.04 07:04:35,20299807407,Boom 1000 Index,sell,0.2 / 0.2,0.2,20583.1297,20583.1297,,,2024.12.04 07:04:36,filled
2024.12.04 07:04:42,20299807491,Boom 900 Index,buy limit,0.2 / 0,0.2,9754.853,9754.853,,,2024.12.04 12:26:25,canceled
2024.12.04 07:04:49,20299807550,Boom 1000 Index,sell,0.2 / 0.2,0.2,20582.8351,20582.8351,,,2024.12.04 07:04:50,filled
2024.12.04 07:04:54,20299807648,Boom 1000 Index,sell,0.2 / 0.2,0.2,20582.7456,20582.7456,,,2024.12.04 07:04:55,filled
2024.12.04 07:26:48,20299822873,Crash 900 Index,sell limit,0.2 / 0,0.2,13299.944,13299.944,13318.284,,2024.12.04 08:53:17,canceled
2024.12.04 07:27:04,20299822996,Crash 900 Index,sell limit,0.2 / 0,0.2,13300.24,13300.24,13318.284,,2024.12.04 08:53:12,canceled
2024.12.04 07:27:21,20299823137,Crash 900 Index,sell limit,0.2 / 0,0.2,13300.624,13300.624,13318.284,,2024.12.04 08:53:11,canceled
2024.12.04 07:27:44,20299823316,Crash 900 Index,sell limit,0.2 / 0,0.2,13299.844,13299.844,13318.284,,2024.12.04 08:53:10,canceled
2024.12.04 07:28:02,20299823456,Crash 900 Index,sell limit,0.2 / 0,0.2,13299.844,13299.844,13318.284,,2024.12.04 08:53:09,canceled
2024.12.04 07:28:12,20299823572,Crash 900 Index,sell limit,0.2 / 0,0.2,13300.312,13300.312,13318.284,,2024.12.04 08:53:08,canceled
2024.12.04 07:32:53,20299826029,Crash 900 Index,sell limit,0.2 / 0,0.2,13299.932,13299.932,13318.284,,2024.12.04 08:53:07,canceled
2024.12.04 07:33:16,20299826194,Crash 900 Index,sell limit,0.2 / 0,0.2,13300.38,13300.38,13318.284,,2024.12.04 08:53:06,canceled
2024.12.04 07:33:33,20299826357,Crash 900 Index,sell limit,0.2 / 0,0.2,13299.932,13299.932,13318.284,,2024.12.04 08:53:04,canceled
2024.12.04 07:33:46,20299826439,Crash 900 Index,sell limit,0.2 / 0,0.2,13299.633,13299.633,13318.284,,2024.12.04 08:53:02,canceled
2024.12.04 09:22:36,20299901770,Crash 900 Index,sell limit,0.2 / 0,0.2,13308.658,13308.658,13316.771,,2024.12.04 13:42:11,canceled
2024.12.04 09:22:55,20299901978,Crash 900 Index,sell limit,0.2 / 0,0.2,13308.577,13308.577,13316.771,,2024.12.04 13:42:17,canceled
2024.12.04 09:23:14,20299902183,Crash 900 Index,sell limit,0.2 / 0,0.2,13308.658,13308.658,13316.771,,2024.12.04 13:42:21,canceled
2024.12.04 09:23:32,20299902411,Crash 900 Index,sell limit,0.2 / 0,0.2,13308.533,13308.533,13316.771,,2024.12.04 13:42:27,canceled
2024.12.04 09:23:44,20299902535,Crash 900 Index,sell limit,0.2 / 0,0.2,13308.533,13308.533,13316.771,,2024.12.04 13:42:24,canceled
2024.12.04 09:24:00,20299902752,Crash 900 Index,sell limit,0.2 / 0,0.2,13308.378,13308.378,13316.771,,2024.12.04 13:42:30,canceled
2024.12.04 09:24:24,20299903036,Crash 900 Index,sell limit,0.2 / 0,0.2,13308.093,13308.093,13316.771,,2024.12.04 13:42:33,canceled
2024.12.04 09:24:45,20299903266,Crash 900 Index,sell limit,0.2 / 0,0.2,13308.28,13308.28,13316.771,,2024.12.04 13:42:37,canceled
2024.12.04 09:24:55,20299903392,Crash 900 Index,sell limit,0.2 / 0,0.2,13308.093,13308.093,13316.771,,2024.12.04 13:42:40,canceled
2024.12.04 09:25:07,20299903505,Crash 900 Index,sell limit,0.2 / 0,0.2,13308.28,13308.28,13316.771,,2024.12.04 13:42:44,canceled
2024.12.04 11:24:58,20299986499,Boom 900 Index,buy,0.2 / 0.2,0.2,,market,,,2024.12.04 11:24:58,filled
2024.12.04 11:24:58,20299986511,Boom 900 Index,buy,0.2 / 0.2,0.2,,market,,,2024.12.04 11:24:59,filled
2024.12.04 11:24:58,20299986516,Boom 900 Index,buy,0.2 / 0.2,0.2,,market,,,2024.12.04 11:24:59,filled
2024.12.04 11:24:59,20299986526,Boom 900 Index,buy,0.2 / 0.2,0.2,,market,,,2024.12.04 11:25:00,filled
2024.12.04 11:25:00,20299986528,Boom 900 Index,buy,0.2 / 0.2,0.2,,market,,,2024.12.04 11:25:00,filled
2024.12.04 11:25:06,20299986608,Boom 900 Index,buy,0.2 / 0.2,0.2,,market,,,2024.12.04 11:25:06,filled
2024.12.04 11:25:08,20299986628,Boom 900 Index,buy,0.2 / 0.2,0.2,,market,,,2024.12.04 11:25:08,filled
2024.12.04 11:25:08,20299986637,Boom 900 Index,buy,0.2 / 0.2,0.2,,market,,,2024.12.04 11:25:09,filled
2024.12.04 11:25:19,20299986730,Boom 900 Index,buy,0.2 / 0.2,0.2,,market,,,2024.12.04 11:25:20,filled
2024.12.04 11:25:22,20299986770,Boom 900 Index,buy,0.2 / 0.2,0.2,,market,,,2024.12.04 11:25:23,filled
2024.12.04 12:11:42,20300018822,Boom 900 Index,sell,0.2 / 0.2,0.2,,market,,,2024.12.04 12:11:42,filled
2024.12.04 12:11:42,20300018830,Boom 900 Index,sell,0.2 / 0.2,0.2,,market,,,2024.12.04 12:11:43,filled
2024.12.04 12:11:43,20300018836,Boom 900 Index,sell,0.2 / 0.2,0.2,,market,,,2024.12.04 12:11:44,filled
2024.12.04 12:11:44,20300018844,Boom 900 Index,sell,0.2 / 0.2,0.2,,market,,,2024.12.04 12:11:45,filled
2024.12.04 12:11:45,20300018853,Boom 900 Index,sell,0.2 / 0.2,0.2,,market,,,2024.12.04 12:11:46,filled
2024.12.04 12:11:46,20300018863,Boom 900 Index,sell,0.2 / 0.2,0.2,,market,,,2024.12.04 12:11:47,filled
2024.12.04 12:11:47,20300018878,Boom 900 Index,sell,0.2 / 0.2,0.2,,market,,,2024.12.04 12:11:48,filled
2024.12.04 12:11:48,20300018892,Boom 900 Index,sell,0.2 / 0.2,0.2,,market,,,2024.12.04 12:11:49,filled
2024.12.04 12:11:49,20300018903,Boom 900 Index,sell,0.2 / 0.2,0.2,,market,,,2024.12.04 12:11:50,filled
2024.12.04 12:11:51,20300018928,Boom 900 Index,sell,0.2 / 0.2,0.2,,market,,,2024.12.04 12:11:51,filled
2024.12.04 12:58:33,20300051187,Crash 1000 Index,sell limit,0.2 / 0,0.2,5484.8597,5484.8597,,,2024.12.04 13:42:48,canceled
2024.12.04 13:30:52,20300074530,Crash 900 Index,sell,0.2 / 0.2,0.2,,market,,,2024.12.04 13:30:53,filled
2024.12.04 13:30:54,20300074550,Crash 900 Index,sell,0.2 / 0.2,0.2,,market,,,2024.12.04 13:30:55,filled
2024.12.04 13:30:55,20300074571,Crash 900 Index,sell,0.2 / 0.2,0.2,,market,,,2024.12.04 13:30:56,filled
2024.12.04 13:30:57,20300074587,Crash 900 Index,sell,0.2 / 0.2,0.2,,market,,,2024.12.04 13:30:58,filled
2024.12.04 13:30:59,20300074613,Crash 900 Index,sell,0.2 / 0.2,0.2,,market,,,2024.12.04 13:31:00,filled
2024.12.04 13:37:06,20300079054,Crash 1000 Index,sell limit,0.2 / 0,0.2,5484.9109,5484.9109,,,2024.12.04 13:42:51,canceled
2024.12.04 13:37:14,20300079122,Crash 1000 Index,sell limit,0.2 / 0,0.2,5484.9622,5484.9622,,,2024.12.04 13:42:54,canceled
2024.12.04 13:37:23,20300079242,Crash 1000 Index,sell limit,0.2 / 0,0.2,5484.9109,5484.9109,,,2024.12.04 13:42:58,canceled
2024.12.04 13:37:30,20300079308,Crash 1000 Index,sell limit,0.2 / 0,0.2,5484.8084,5484.8084,,,2024.12.04 13:43:02,canceled
2024.12.04 13:37:43,20300079463,Crash 1000 Index,sell limit,0.2 / 0,0.2,5484.8084,5484.8084,,,2024.12.04 13:43:06,canceled
2024.12.04 13:37:50,20300079515,Crash 1000 Index,sell limit,0.2 / 0.2,0.2,5484.9109,5484.9109,,,2024.12.04 14:06:01,filled
2024.12.04 13:37:57,20300079626,Crash 1000 Index,sell limit,0.2 / 0.2,0.2,5484.8084,5484.8084,,,2024.12.04 14:05:46,filled
2024.12.04 13:38:05,20300079698,Crash 1000 Index,sell limit,0.2 / 0.2,0.2,5485.0647,5485.0647,,,2024.12.04 14:09:01,filled
2024.12.04 13:38:13,20300079792,Crash 1000 Index,sell limit,0.2 / 0.2,0.2,5485.116,5485.116,,,2024.12.04 14:09:08,filled
2024.12.04 13:46:29,20300085976,Crash 1000 Index,sell limit,0.2 / 0.2,0.2,5484.9489,5484.9489,,,2024.12.04 14:06:11,filled
2024.12.04 13:46:38,20300086151,Crash 1000 Index,sell limit,0.2 / 0.2,0.2,5485.1031,5485.1031,,,2024.12.04 14:09:07,filled
2024.12.04 13:46:47,20300086244,Crash 1000 Index,sell limit,0.2 / 0.2,0.2,5484.9232,5484.9232,,,2024.12.04 14:06:05,filled
2024.12.04 13:46:58,20300086335,Crash 1000 Index,sell limit,0.2 / 0.2,0.2,5485.0003,5485.0003,,,2024.12.04 14:06:19,filled
2024.12.04 13:47:17,20300086519,Crash 1000 Index,sell limit,0.2 / 0.2,0.2,5484.8974,5484.8974,,,2024.12.04 14:06:01,filled
2024.12.04 13:47:25,20300086628,Crash 1000 Index,sell limit,0.2 / 0.2,0.2,5484.8974,5484.8974,,,2024.12.04 14:06:01,filled
2024.12.04 13:59:05,20300093655,Crash 900 Index,buy,0.2 / 0.2,0.2,,market,,,2024.12.04 13:59:06,filled
2024.12.04 13:59:05,20300093656,Crash 900 Index,buy,0.2 / 0.2,0.2,,market,,,2024.12.04 13:59:06,filled
2024.12.04 13:59:05,20300093657,Crash 900 Index,buy,0.2 / 0.2,0.2,,market,,,2024.12.04 13:59:06,filled
2024.12.04 13:59:05,20300093658,Crash 900 Index,buy,0.2 / 0.2,0.2,,market,,,2024.12.04 13:59:06,filled
2024.12.04 13:59:05,20300093659,Crash 900 Index,buy,0.2 / 0.2,0.2,,market,,,2024.12.04 13:59:06,filled
2024.12.04 14:02:12,20300095676,Crash 900 Index,sell,0.2 / 0.2,0.2,,market,,,2024.12.04 14:02:12,filled
2024.12.04 14:02:12,20300095685,Crash 900 Index,sell,0.2 / 0.2,0.2,,market,,,2024.12.04 14:02:13,filled
2024.12.04 14:02:13,20300095700,Crash 900 Index,sell,0.2 / 0.2,0.2,,market,,,2024.12.04 14:02:14,filled
2024.12.04 14:02:14,20300095711,Crash 900 Index,sell,0.2 / 0.2,0.2,,market,,,2024.12.04 14:02:15,filled
2024.12.04 14:02:16,20300095724,Crash 900 Index,sell,0.2 / 0.2,0.2,,market,,,2024.12.04 14:02:17,filled
2024.12.04 14:20:34,20300108491,Crash 1000 Index,buy,0.2 / 0.2,0.2,,market,,,2024.12.04 14:20:34,filled
2024.12.04 14:20:34,20300108492,Crash 1000 Index,buy,0.2 / 0.2,0.2,,market,,,2024.12.04 14:20:34,filled
2024.12.04 14:20:34,20300108493,Crash 1000 Index,buy,0.2 / 0.2,0.2,,market,,,2024.12.04 14:20:34,filled
2024.12.04 14:20:34,20300108494,Crash 1000 Index,buy,0.2 / 0.2,0.2,,market,,,2024.12.04 14:20:34,filled
2024.12.04 14:20:34,20300108495,Crash 1000 Index,buy,0.2 / 0.2,0.2,,market,,,2024.12.04 14:20:34,filled
2024.12.04 14:20:34,20300108496,Crash 1000 Index,buy,0.2 / 0.2,0.2,,market,,,2024.12.04 14:20:34,filled
2024.12.04 14:20:34,20300108497,Crash 1000 Index,buy,0.2 / 0.2,0.2,,market,,,2024.12.04 14:20:34,filled
2024.12.04 14:20:34,20300108498,Crash 1000 Index,buy,0.2 / 0.2,0.2,,market,,,2024.12.04 14:20:34,filled
2024.12.04 14:20:34,20300108499,Crash 1000 Index,buy,0.2 / 0.2,0.2,,market,,,2024.12.04 14:20:34,filled
2024.12.04 14:20:34,20300108500,Crash 1000 Index,buy,0.2 / 0.2,0.2,,market,,,2024.12.04 14:20:34,filled
2024.12.04 14:21:56,20300109334,Crash 1000 Index,sell limit,0.2 / 0.2,0.2,5494.2991,5494.2991,,,2024.12.04 14:43:57,filled
2024.12.04 14:22:07,20300109512,Crash 1000 Index,sell limit,0.2 / 0,0.2,5494.3423,5494.3423,,,2024.12.04 14:44:02,rejected
2024.12.04 14:22:14,20300109572,Crash 1000 Index,sell limit,0.2 / 0,0.2,5494.4018,5494.4018,,,2024.12.04 14:44:15,rejected
2024.12.04 14:22:22,20300109665,Crash 1000 Index,sell limit,0.2 / 0,0.2,5494.5806,5494.5806,,,2024.12.04 14:44:46,rejected
2024.12.04 14:25:44,20300112137,Crash 1000 Index,sell limit,0.2 / 0.2,0.2,5489.3705,5489.3705,,,2024.12.04 14:29:35,filled
2024.12.04 14:25:55,20300112213,Crash 1000 Index,sell limit,0.2 / 0.2,0.2,5489.4166,5489.4166,,,2024.12.04 14:29:42,filled
2024.12.04 14:26:07,20300112322,Crash 1000 Index,sell limit,0.2 / 0.2,0.2,5489.4166,5489.4166,,,2024.12.04 14:29:42,filled
2024.12.04 14:26:17,20300112418,Crash 1000 Index,sell limit,0.2 / 0.2,0.2,5489.4051,5489.4051,,,2024.12.04 14:29:40,filled
2024.12.04 14:26:24,20300112497,Crash 1000 Index,sell limit,0.2 / 0.2,0.2,5489.4051,5489.4051,,,2024.12.04 14:29:40,filled
2024.12.04 14:26:34,20300112563,Crash 1000 Index,sell limit,0.2 / 0.2,0.2,5489.4397,5489.4397,,,2024.12.04 14:29:46,filled
2024.12.04 14:26:42,20300112634,Crash 1000 Index,sell limit,0.2 / 0.2,0.2,5489.4282,5489.4282,,,2024.12.04 14:29:44,filled
2024.12.04 14:26:52,20300112696,Crash 1000 Index,sell limit,0.2 / 0.2,0.2,5489.4397,5489.4397,,,2024.12.04 14:29:46,filled
2024.12.04 14:26:59,20300112740,Crash 1000 Index,sell limit,0.2 / 0.2,0.2,5489.4627,5489.4627,,,2024.12.04 14:29:50,filled
2024.12.04 14:27:07,20300112788,Crash 1000 Index,sell limit,0.2 / 0.2,0.2,5489.4051,5489.4051,,,2024.12.04 14:29:40,filled
2024.12.04 14:49:15,20300128358,Crash 1000 Index,buy,0.2 / 0.2,0.2,,market,,,2024.12.04 14:49:16,filled
2024.12.04 14:49:15,20300128359,Crash 1000 Index,buy,0.2 / 0.2,0.2,,market,,,2024.12.04 14:49:16,filled
2024.12.04 14:49:15,20300128360,Crash 1000 Index,buy,0.2 / 0.2,0.2,,market,,,2024.12.04 14:49:16,filled
2024.12.04 14:49:15,20300128361,Crash 1000 Index,buy,0.2 / 0.2,0.2,,market,,,2024.12.04 14:49:16,filled
2024.12.04 14:49:15,20300128362,Crash 1000 Index,buy,0.2 / 0.2,0.2,,market,,,2024.12.04 14:49:16,filled
2024.12.04 14:49:15,20300128363,Crash 1000 Index,buy,0.2 / 0.2,0.2,,market,,,2024.12.04 14:49:16,filled
2024.12.04 14:49:15,20300128364,Crash 1000 Index,buy,0.2 / 0.2,0.2,,market,,,2024.12.04 14:49:16,filled
2024.12.04 14:49:15,20300128365,Crash 1000 Index,buy,0.2 / 0.2,0.2,,market,,,2024.12.04 14:49:16,filled
2024.12.04 14:49:15,20300128366,Crash 1000 Index,buy,0.2 / 0.2,0.2,,market,,,2024.12.04 14:49:16,filled
2024.12.04 14:49:15,20300128367,Crash 1000 Index,buy,0.2 / 0.2,0.2,,market,,,2024.12.04 14:49:16,filled
2024.12.04 14:49:15,20300128368,Crash 1000 Index,buy,0.2 / 0.2,0.2,,market,,,2024.12.04 14:49:16,filled
2024.12.04 15:05:46,20300140473,Crash 1000 Index,sell limit,0.2 / 0,0.2,5499.7811,5499.7811,5501.5186,,2024.12.04 16:12:59,rejected
2024.12.04 15:07:33,20300141654,Crash 1000 Index,sell limit,0.2 / 0,0.2,5499.7811,5499.7811,5501.6634,,2024.12.04 16:12:59,rejected
2024.12.04 15:07:41,20300141766,Crash 1000 Index,sell limit,0.2 / 0,0.2,5499.7087,5499.7087,5501.8082,,2024.12.04 16:12:44,rejected
2024.12.04 15:08:05,20300141981,Crash 1000 Index,sell limit,0.2 / 0,0.2,5499.6363,5499.6363,5501.5186,,2024.12.04 16:12:33,rejected
2024.12.04 15:08:19,20300142089,Crash 1000 Index,sell limit,0.2 / 0,0.2,5499.6363,5499.6363,5501.8082,,2024.12.04 16:12:33,rejected
2024.12.04 15:08:33,20300142234,Crash 1000 Index,sell limit,0.2 / 0,0.2,5499.9259,5499.9259,5501.591,,2024.12.04 16:13:25,rejected
2024.12.04 15:08:43,20300142330,Crash 1000 Index,sell limit,0.2 / 0,0.2,5499.7087,5499.7087,5501.6634,,2024.12.04 16:12:44,rejected
2024.12.04 15:08:55,20300142431,Crash 1000 Index,sell limit,0.2 / 0,0.2,5499.8535,5499.8535,5501.6634,,2024.12.04 16:13:11,rejected
2024.12.04 15:09:08,20300142557,Crash 1000 Index,sell limit,0.2 / 0,0.2,5499.6363,5499.6363,5501.5186,,2024.12.04 16:12:33,rejected
2024.12.04 15:09:25,20300142730,Crash 1000 Index,sell limit,0.2 / 0,0.2,5499.7811,5499.7811,5501.5186,,2024.12.04 16:12:59,rejected
2024.12.04 16:08:06,20300183480,Crash 1000 Index,sell,0.2 / 0.2,0.2,,market,,,2024.12.04 16:08:07,filled
2024.12.04 16:08:07,20300183484,Crash 1000 Index,sell,0.2 / 0.2,0.2,,market,,,2024.12.04 16:08:08,filled
2024.12.04 16:08:07,20300183493,Crash 1000 Index,sell,0.2 / 0.2,0.2,,market,,,2024.12.04 16:08:08,filled
2024.12.04 16:26:23,20300195908,Crash 900 Index,buy,0.2 / 0.2,0.2,,market,,,2024.12.04 16:26:24,filled
2024.12.04 16:26:30,20300195977,Crash 1000 Index,buy,0.2 / 0.2,0.2,,market,,,2024.12.04 16:26:31,filled
2024.12.04 16:26:32,20300196002,Crash 1000 Index,buy,0.2 / 0.2,0.2,,market,,,2024.12.04 16:26:33,filled
2024.12.04 16:26:34,20300196023,Crash 1000 Index,buy,0.2 / 0.2,0.2,,market,,,2024.12.04 16:26:35,filled
2024.12.04 16:29:08,20300197800,Crash 1000 Index,sell limit,0.2 / 0.2,0.2,5500.0378,5500.0378,5502.0403,,2024.12.04 16:48:07,filled
2024.12.04 16:29:20,20300197904,Crash 1000 Index,sell limit,0.2 / 0.2,0.2,5499.9728,5499.9728,5502.0298,,2024.12.04 16:47:55,filled
2024.12.04 16:29:41,20300198108,Crash 1000 Index,sell limit,0.2 / 0.2,0.2,5499.9728,5499.9728,5502.0077,,2024.12.04 16:47:55,filled
2024.12.04 16:30:01,20300198341,Crash 1000 Index,sell limit,0.2 / 0.2,0.2,5499.9728,5499.9728,5502.0037,,2024.12.04 16:47:55,filled
2024.12.04 16:30:17,20300198684,Crash 1000 Index,sell limit,0.2 / 0.2,0.2,5499.9406,5499.9406,5502.0279,,2024.12.04 16:47:50,filled
2024.12.04 16:30:31,20300198917,Crash 1000 Index,sell limit,0.2 / 0.2,0.2,5499.9649,5499.9649,5502.0037,,2024.12.04 16:47:54,filled
2024.12.04 16:30:47,20300199091,Crash 1000 Index,sell limit,0.2 / 0.2,0.2,5500.0134,5500.0134,5502.0525,,2024.12.04 16:48:03,filled
2024.12.04 16:31:13,20300199419,Crash 1000 Index,sell limit,0.2 / 0.2,0.2,5499.9362,5499.9362,5501.9574,,2024.12.04 16:47:49,filled
2024.12.04 16:31:31,20300199678,Crash 1000 Index,sell limit,0.2 / 0.2,0.2,5499.96,5499.96,5501.9336,,2024.12.04 16:47:54,filled
2024.12.04 16:31:48,20300199879,Crash 1000 Index,sell limit,0.2 / 0.2,0.2,5500.0075,5500.0075,5502.0033,,2024.12.04 16:48:02,filled
2024.12.04 16:49:10,20300211641,Crash 1000 Index,sell,0.2 / 0.2,0.2,,market,,,2024.12.04 16:49:11,filled
2024.12.04 16:49:11,20300211647,Crash 1000 Index,sell,0.2 / 0.2,0.2,,market,,,2024.12.04 16:49:12,filled
2024.12.04 16:49:12,20300211655,Crash 1000 Index,sell,0.2 / 0.2,0.2,,market,,,2024.12.04 16:49:12,filled
2024.12.04 16:49:12,20300211671,Crash 1000 Index,sell,0.2 / 0.2,0.2,,market,,,2024.12.04 16:49:13,filled
2024.12.04 18:06:43,20300261875,Crash 900 Index,sell limit,0.2 / 0.2,0.2,13216.483,13216.483,13224.013,,2024.12.04 19:59:02,filled
2024.12.04 18:07:02,20300262070,Crash 900 Index,sell limit,0.2 / 0,0.2,13216.483,13216.483,13224.127,,2024.12.04 19:59:01,rejected
2024.12.04 18:07:18,20300262227,Crash 900 Index,sell limit,0.2 / 0.2,0.2,13216.369,13216.369,13223.556,,2024.12.04 19:58:53,filled
2024.12.04 18:07:46,20300262445,Crash 900 Index,sell limit,0.2 / 0,0.2,13216.483,13216.483,13224.469,,2024.12.04 19:59:01,rejected
2024.12.04 18:08:12,20300262680,Crash 900 Index,sell limit,0.2 / 0.2,0.2,13216.026,13216.026,13223.67,,2024.12.04 19:58:32,filled
2024.12.04 18:12:13,20300265362,Crash 1000 Index,buy,0.2 / 0.2,0.2,,market,,,2024.12.04 18:12:14,filled
2024.12.04 18:12:16,20300265405,Crash 1000 Index,buy,0.2 / 0.2,0.2,,market,,,2024.12.04 18:12:17,filled
2024.12.04 18:12:19,20300265426,Crash 1000 Index,buy,0.2 / 0.2,0.2,,market,,,2024.12.04 18:12:20,filled
2024.12.04 18:12:20,20300265445,Crash 1000 Index,buy,0.2 / 0.2,0.2,,market,,,2024.12.04 18:12:21,filled
2024.12.04 18:12:22,20300265483,Crash 1000 Index,buy,0.2 / 0.2,0.2,,market,,,2024.12.04 18:12:23,filled
2024.12.04 18:12:25,20300265513,Crash 1000 Index,buy,0.2 / 0.2,0.2,,market,,,2024.12.04 18:12:26,filled
2024.12.04 18:12:33,20300265605,Crash 1000 Index,buy,0.2 / 0.2,0.2,,market,,,2024.12.04 18:12:34,filled
2024.12.04 18:12:35,20300265621,Crash 1000 Index,buy,0.2 / 0.2,0.2,,market,,,2024.12.04 18:12:36,filled
2024.12.04 18:12:37,20300265631,Crash 1000 Index,buy,0.2 / 0.2,0.2,,market,,,2024.12.04 18:12:38,filled
2024.12.04 18:12:40,20300265663,Crash 1000 Index,buy,0.2 / 0.2,0.2,,market,,,2024.12.04 18:12:40,filled
2024.12.04 18:12:42,20300265673,Crash 1000 Index,buy,0.2 / 0.2,0.2,,market,,,2024.12.04 18:12:42,filled
2024.12.04 18:12:44,20300265694,Crash 1000 Index,buy,0.2 / 0.2,0.2,,market,,,2024.12.04 18:12:44,filled
2024.12.04 18:12:45,20300265706,Crash 1000 Index,buy,0.2 / 0.2,0.2,,market,,,2024.12.04 18:12:46,filled
2024.12.04 18:12:49,20300265746,Crash 1000 Index,buy,0.2 / 0.2,0.2,,market,,,2024.12.04 18:12:50,filled
2024.12.04 18:19:04,20300269518,Boom 1000 Index,buy limit,0.2 / 0.2,0.2,20494.5257,20494.5257,20484.3182,,2024.12.04 22:38:09,filled
2024.12.04 18:20:12,20300270198,Boom 1000 Index,buy limit,0.2 / 0.2,0.2,20493.5088,20493.5088,20484.1393,,2024.12.04 22:38:53,filled
2024.12.04 18:20:34,20300270519,Boom 1000 Index,buy limit,0.2 / 0.2,0.2,20494.0173,20494.0173,20483.0661,,2024.12.04 22:38:36,filled
2024.12.04 18:20:46,20300270643,Boom 1000 Index,buy limit,0.2 / 0,0.2,20493.0003,20493.0003,20483.0661,,2024.12.04 22:39:17,rejected
2024.12.04 18:21:00,20300270877,Boom 1000 Index,buy limit,0.2 / 0.2,0.2,20493.5088,20493.5088,20483.7816,,2024.12.04 22:38:53,filled
2024.12.04 18:21:10,20300271013,Boom 1000 Index,buy limit,0.2 / 0,0.2,20493.0003,20493.0003,20483.245,,2024.12.04 22:39:17,rejected
2024.12.04 18:21:24,20300271193,Boom 1000 Index,buy limit,0.2 / 0.2,0.2,20494.5257,20494.5257,20483.4239,,2024.12.04 22:38:09,filled
2024.12.04 18:21:37,20300271337,Boom 1000 Index,buy limit,0.2 / 0,0.2,20493.0003,20493.0003,20483.7816,,2024.12.04 22:39:17,rejected
2024.12.04 18:22:14,20300271777,Boom 1000 Index,buy limit,0.2 / 0,0.2,20493.1556,20493.1556,20484.3182,,2024.12.04 22:39:07,rejected
2024.12.04 18:22:44,20300272118,Boom 1000 Index,buy limit,0.2 / 0.2,0.2,20493.5088,20493.5088,20484.3564,,2024.12.04 22:38:53,filled
2024.12.04 18:35:06,20300280789,Crash 900 Index,sell limit,0.2 / 0.2,0.2,13192.638,13192.638,13223.784,,2024.12.04 18:48:59,filled
2024.12.04 20:29:37,20300354023,Crash 900 Index,buy,0.2 / 0.2,0.2,13223.556,13223.556,,,2024.12.04 20:29:38,filled
2024.12.04 20:29:43,20300354075,Crash 900 Index,buy,0.2 / 0.2,0.2,13223.675,13223.675,,,2024.12.04 20:29:44,filled
2024.12.04 20:29:43,20300354076,Crash 900 Index,buy,0.2 / 0.2,0.2,13223.675,13223.675,,,2024.12.04 20:29:44,filled
2024.12.04 20:29:43,20300354077,Crash 900 Index,buy,0.2 / 0.2,0.2,13223.675,13223.675,,,2024.12.04 20:29:44,filled
2024.12.04 20:29:43,20300354078,Crash 900 Index,buy,0.2 / 0.2,0.2,13223.675,13223.675,,,2024.12.04 20:29:44,filled
2024.12.04 20:29:43,20300354079,Crash 900 Index,buy,0.2 / 0.2,0.2,13223.67,13223.67,,,2024.12.04 20:29:44,filled
2024.12.04 20:29:48,20300354117,Crash 900 Index,buy,0.2 / 0.2,0.2,13223.784,13223.784,,,2024.12.04 20:29:49,filled
2024.12.04 20:30:00,20300354196,Crash 900 Index,buy,0.2 / 0.2,0.2,13224.013,13224.013,,,2024.12.04 20:30:01,filled
2024.12.04 22:44:32,20300423902,Boom 1000 Index,sell,0.2 / 0.2,0.2,20484.3564,20484.3564,,,2024.12.04 22:44:33,filled
2024.12.04 22:44:34,20300423907,Boom 1000 Index,sell,0.2 / 0.2,0.2,20484.3182,20484.3182,,,2024.12.04 22:44:35,filled
2024.12.04 22:44:46,20300423960,Boom 1000 Index,sell,0.2 / 0.2,0.2,20484.1393,20484.1393,,,2024.12.04 22:44:47,filled
2024.12.04 22:45:04,20300424086,Boom 1000 Index,sell,0.2 / 0.2,0.2,20483.7816,20483.7816,,,2024.12.04 22:45:05,filled
2024.12.04 22:45:26,20300424216,Boom 1000 Index,sell,0.2 / 0.2,0.2,20483.4239,20483.4239,,,2024.12.04 22:45:27,filled
2024.12.04 22:45:27,20300424224,Boom 1000 Index,buy limit,0.2 / 0.2,0.2,20420.6336,20420.6336,,,2024.12.04 23:37:59,filled
2024.12.04 22:45:40,20300424300,Boom 1000 Index,sell,0.2 / 0.2,0.2,20483.0661,20483.0661,,,2024.12.04 22:45:41,filled
2024.12.04 22:45:48,20300424328,Boom 1000 Index,buy limit,0.2 / 0.2,0.2,20421.253,20421.253,,,2024.12.04 23:37:29,filled
2024.12.04 22:46:00,20300424398,Boom 1000 Index,buy limit,0.2 / 0,0.2,20419.8078,20419.8078,,,2024.12.04 23:38:39,rejected
2024.12.04 22:46:10,20300424450,Boom 1000 Index,buy limit,0.2 / 0.2,0.2,20421.0465,20421.0465,,,2024.12.04 23:37:40,filled
2024.12.04 22:46:18,20300424487,Boom 1000 Index,buy limit,0.2 / 0.2,0.2,20420.4272,20420.4272,,,2024.12.04 23:38:09,filled
2024.12.04 22:46:30,20300424558,Boom 1000 Index,buy limit,0.2 / 0.2,0.2,20420.8401,20420.8401,,,2024.12.04 23:37:49,filled
2024.12.04 23:52:25,20300449719,Boom 1000 Index,sell,0.2 / 0.2,0.2,20401.618,20401.618,,,2024.12.04 23:52:25,filled
2024.12.04 23:55:54,20300450880,Boom 1000 Index,sell,0.2 / 0.2,0.2,20397.383,20397.383,,,2024.12.04 23:55:54,filled
2024.12.05 00:00:31,20300452171,Boom 1000 Index,sell,0.2 / 0.2,0.2,20391.701,20391.701,,,2024.12.05 00:00:31,filled
2024.12.05 00:17:01,20300458023,Boom 1000 Index,sell,0.2 / 0.2,0.2,20383.236,20383.236,,,2024.12.05 00:17:01,filled
2024.12.05 07:35:58,20300642522,Boom 1000 Index,buy limit,0.2 / 0.2,0.2,20419.9563,20419.9563,20367.7204,,2024.12.05 07:58:28,filled
2024.12.05 07:36:53,20300643032,Crash 1000 Index,sell limit,0.2 / 0,0.2,5561.3419,5561.3419,5572.504,,2024.12.05 11:49:36,rejected
2024.12.05 07:38:44,20300644049,Volatility 50 Index,buy limit,4 / 0,4,310.8445,310.8445,309.9502,,2024.12.05 09:58:46,rejected
2024.12.05 07:39:37,20300644497,Volatility 50 Index,buy limit,4 / 0,4,310.8386,310.8386,309.9395,,2024.12.05 09:58:46,rejected
2024.12.05 07:39:54,20300644688,Volatility 50 Index,buy limit,4 / 0,4,310.8129,310.8129,309.9502,,2024.12.05 09:58:48,rejected
2024.12.05 07:40:08,20300644839,Volatility 50 Index,buy limit,4 / 0,4,310.8386,310.8386,309.886,,2024.12.05 09:58:46,rejected
2024.12.05 07:40:34,20300645134,Volatility 50 Index,buy limit,4 / 0,4,310.8129,310.8129,309.9074,,2024.12.05 09:58:48,rejected
2024.12.05 07:43:52,20300647372,Crash 1000 Index,sell limit,0.2 / 0,0.2,5561.4296,5561.4296,5572.504,,2024.12.05 11:49:52,rejected
2024.12.05 07:44:10,20300647559,Crash 1000 Index,sell limit,0.2 / 0,0.2,5561.5174,5561.5174,5572.1005,,2024.12.05 11:50:06,rejected
2024.12.05 07:44:26,20300647761,Crash 1000 Index,sell limit,0.2 / 0,0.2,5562.0438,5562.0438,5572.504,,2024.12.05 11:51:35,rejected
2024.12.05 07:44:38,20300647874,Crash 1000 Index,sell limit,0.2 / 0,0.2,5561.7806,5561.7806,5573.1766,,2024.12.05 11:50:50,rejected
2024.12.05 08:27:57,20300681403,Boom 1000 Index,buy limit,0.2 / 0.2,0.2,20376.1381,20376.1381,,,2024.12.05 08:34:37,filled
2024.12.05 09:13:26,20300721703,Boom 1000 Index,sell,0.2 / 0.2,0.2,20367.7204,20367.7204,,,2024.12.05 09:13:27,filled
2024.12.05 09:14:22,20300722360,Boom 1000 Index,sell,0.2 / 0.2,0.2,20366.8604,20366.8604,,,2024.12.05 09:14:23,filled
2024.12.05 09:15:02,20300722907,Boom 1000 Index,sell,0.2 / 0.2,0.2,,market,,,2024.12.05 09:15:03,filled
2024.12.05 09:19:32,20300726669,Boom 1000 Index,buy,0.5 / 0.5,0.5,,market,,,2024.12.05 09:19:32,filled
2024.12.05 10:06:07,20300761574,Volatility 50 Index,buy,4 / 4,4,,market,,,2024.12.05 10:06:08,filled
2024.12.05 10:06:13,20300761640,Volatility 50 Index,buy,4 / 4,4,,market,,,2024.12.05 10:06:14,filled
2024.12.05 10:06:15,20300761688,Volatility 50 Index,buy,4 / 4,4,,market,,,2024.12.05 10:06:16,filled
2024.12.05 10:06:26,20300761846,Volatility 50 Index,buy,4 / 4,4,,market,,,2024.12.05 10:06:28,filled
2024.12.05 10:06:35,20300761969,Volatility 50 Index,buy,4 / 4,4,,market,,,2024.12.05 10:06:36,filled
2024.12.05 11:01:49,20300803819,Boom 1000 Index,sell,0.5 / 0.5,0.5,,market,,,2024.12.05 11:01:49,filled
2024.12.05 11:03:53,20300805232,Boom 1000 Index,buy limit,0.5 / 0,0.5,20392.2346,20392.2346,20385.5841,,2024.12.05 11:07:19,canceled
2024.12.05 11:07:54,20300808262,Boom 1000 Index,buy,0.5 / 0.5,0.5,,market,,,2024.12.05 11:07:55,filled
2024.12.05 11:21:57,20300818580,Boom 1000 Index,sell,0.5 / 0.5,0.5,,market,,,2024.12.05 11:21:57,filled
2024.12.05 11:22:17,20300818829,Boom 1000 Index,buy limit,0.5 / 0,0.5,20403.8986,20403.8986,,,2024.12.05 22:28:04,rejected
2024.12.05 11:25:02,20300820650,Boom 1000 Index,buy,0.5 / 0.5,0.5,,market,,,2024.12.05 11:25:02,filled
2024.12.05 11:39:03,20300829954,Crash 1000 Index,sell,0.2 / 0.2,0.2,,market,,,2024.12.05 11:39:04,filled
2024.12.05 11:39:21,20300830134,Crash 1000 Index,sell,0.2 / 0.2,0.2,,market,,,2024.12.05 11:39:22,filled
2024.12.05 11:39:25,20300830175,Crash 1000 Index,sell,0.2 / 0.2,0.2,,market,,,2024.12.05 11:39:26,filled
2024.12.05 11:39:29,20300830207,Crash 1000 Index,sell,0.2 / 0.2,0.2,,market,,,2024.12.05 11:39:29,filled
2024.12.05 11:39:31,20300830235,Crash 1000 Index,sell,0.2 / 0.2,0.2,,market,,,2024.12.05 11:39:32,filled
2024.12.05 11:44:06,20300834041,Boom 1000 Index,buy,0.5 / 0.5,0.5,,market,,,2024.12.05 11:44:07,filled
2024.12.05 11:57:18,20300843383,Volatility 50 Index,sell,4 / 4,4,,market,,,2024.12.05 11:57:20,filled
2024.12.05 11:57:18,20300843384,Volatility 50 Index,sell,4 / 4,4,,market,,,2024.12.05 11:57:20,filled
2024.12.05 11:57:18,20300843385,Volatility 50 Index,sell,4 / 4,4,,market,,,2024.12.05 11:57:20,filled
2024.12.05 11:57:18,20300843386,Volatility 50 Index,sell,4 / 4,4,,market,,,2024.12.05 11:57:20,filled
2024.12.05 11:57:18,20300843387,Volatility 50 Index,sell,4 / 4,4,,market,,,2024.12.05 11:57:20,filled
2024.12.05 11:58:08,20300843882,Crash 1000 Index,sell,0.2 / 0.2,0.2,,market,,,2024.12.05 11:58:08,filled
2024.12.05 11:58:09,20300843899,Crash 1000 Index,sell,0.2 / 0.2,0.2,,market,,,2024.12.05 11:58:09,filled
2024.12.05 11:58:09,20300843911,Crash 1000 Index,sell,0.2 / 0.2,0.2,,market,,,2024.12.05 11:58:10,filled
2024.12.05 11:58:10,20300843936,Crash 1000 Index,sell,0.2 / 0.2,0.2,,market,,,2024.12.05 11:58:11,filled
2024.12.05 11:58:11,20300843944,Crash 1000 Index,sell,0.2 / 0.2,0.2,,market,,,2024.12.05 11:58:12,filled
2024.12.05 12:04:20,20300848757,Crash 1000 Index,sell,0.2 / 0.2,0.2,,market,,,2024.12.05 12:04:21,filled
2024.12.05 12:04:21,20300848762,Crash 1000 Index,sell,0.2 / 0.2,0.2,,market,,,2024.12.05 12:04:21,filled
2024.12.05 12:04:21,20300848774,Crash 1000 Index,sell,0.2 / 0.2,0.2,,market,,,2024.12.05 12:04:22,filled
2024.12.05 12:04:23,20300848777,Crash 1000 Index,sell,0.2 / 0.2,0.2,,market,,,2024.12.05 12:04:23,filled
2024.12.05 12:19:52,20300859660,Crash 1000 Index,sell,0.5 / 0.5,0.5,,market,,,2024.12.05 12:19:53,filled
2024.12.05 12:19:54,20300859694,Crash 1000 Index,sell,0.5 / 0.5,0.5,,market,,,2024.12.05 12:19:55,filled
2024.12.05 12:19:57,20300859720,Crash 1000 Index,sell,0.5 / 0.5,0.5,,market,,,2024.12.05 12:19:58,filled
2024.12.05 12:19:59,20300859753,Crash 1000 Index,sell,0.5 / 0.5,0.5,,market,,,2024.12.05 12:20:00,filled
2024.12.05 12:20:01,20300859799,Crash 1000 Index,sell,0.5 / 0.5,0.5,,market,,,2024.12.05 12:20:02,filled
2024.12.05 12:20:03,20300859823,Crash 1000 Index,sell,0.5 / 0.5,0.5,,market,,,2024.12.05 12:20:04,filled
2024.12.05 14:07:13,20300939807,Boom 1000 Index,sell,0.5 / 0.5,0.5,,market,,,2024.12.05 14:07:14,filled
2024.12.05 14:07:13,20300939808,Boom 1000 Index,sell,0.5 / 0.5,0.5,,market,,,2024.12.05 14:07:14,filled
2024.12.05 14:07:13,20300939809,Crash 1000 Index,buy,0.2 / 0.2,0.2,,market,,,2024.12.05 14:07:14,filled
2024.12.05 14:07:13,20300939810,Crash 1000 Index,buy,0.2 / 0.2,0.2,,market,,,2024.12.05 14:07:14,filled
2024.12.05 14:07:13,20300939811,Crash 1000 Index,buy,0.2 / 0.2,0.2,,market,,,2024.12.05 14:07:14,filled
2024.12.05 14:07:13,20300939812,Crash 1000 Index,buy,0.2 / 0.2,0.2,,market,,,2024.12.05 14:07:14,filled
2024.12.05 14:07:13,20300939813,Crash 1000 Index,buy,0.2 / 0.2,0.2,,market,,,2024.12.05 14:07:14,filled
2024.12.05 14:07:13,20300939814,Crash 1000 Index,buy,0.2 / 0.2,0.2,,market,,,2024.12.05 14:07:14,filled
2024.12.05 14:07:13,20300939815,Crash 1000 Index,buy,0.2 / 0.2,0.2,,market,,,2024.12.05 14:07:14,filled
2024.12.05 14:07:13,20300939816,Crash 1000 Index,buy,0.2 / 0.2,0.2,,market,,,2024.12.05 14:07:14,filled
2024.12.05 14:07:13,20300939817,Crash 1000 Index,buy,0.2 / 0.2,0.2,,market,,,2024.12.05 14:07:14,filled
2024.12.05 14:07:13,20300939818,Crash 1000 Index,buy,0.2 / 0.2,0.2,,market,,,2024.12.05 14:07:14,filled
2024.12.05 14:07:13,20300939819,Crash 1000 Index,buy,0.2 / 0.2,0.2,,market,,,2024.12.05 14:07:14,filled
2024.12.05 14:07:13,20300939820,Crash 1000 Index,buy,0.2 / 0.2,0.2,,market,,,2024.12.05 14:07:14,filled
2024.12.05 14:07:13,20300939821,Crash 1000 Index,buy,0.2 / 0.2,0.2,,market,,,2024.12.05 14:07:14,filled
2024.12.05 14:07:13,20300939822,Crash 1000 Index,buy,0.2 / 0.2,0.2,,market,,,2024.12.05 14:07:14,filled
2024.12.05 14:07:13,20300939823,Crash 1000 Index,buy,0.5 / 0.5,0.5,,market,,,2024.12.05 14:07:14,filled
2024.12.05 14:07:13,20300939824,Crash 1000 Index,buy,0.5 / 0.5,0.5,,market,,,2024.12.05 14:07:14,filled
2024.12.05 14:07:13,20300939825,Crash 1000 Index,buy,0.5 / 0.5,0.5,,market,,,2024.12.05 14:07:14,filled
2024.12.05 14:07:13,20300939826,Crash 1000 Index,buy,0.5 / 0.5,0.5,,market,,,2024.12.05 14:07:14,filled
2024.12.05 14:07:14,20300939835,Crash 1000 Index,buy,0.5 / 0.5,0.5,,market,,,2024.12.05 14:07:15,filled
2024.12.05 14:07:14,20300939836,Crash 1000 Index,buy,0.5 / 0.5,0.5,,market,,,2024.12.05 14:07:15,filled
2024.12.06 14:09:05,20301793059,Crash 1000 Index,sell limit,1 / 0,1,5548.9654,5548.9654,5551.4777,,2024.12.06 14:49:45,canceled
2024.12.06 14:15:10,20301798974,Crash 1000 Index,sell limit,1 / 0,1,5548.9654,5548.9654,5551.5109,,2024.12.06 14:49:41,canceled
2024.12.06 14:15:28,20301799255,Crash 1000 Index,sell limit,1 / 0,1,5548.8313,5548.8313,5551.4839,,2024.12.06 14:49:50,canceled
2024.12.06 14:15:59,20301799671,Crash 1000 Index,sell limit,1 / 0,1,5548.7085,5548.7085,5551.4119,,2024.12.06 14:50:00,canceled
2024.12.06 14:16:42,20301800441,Crash 1000 Index,sell limit,1 / 0,1,5548.7422,5548.7422,5551.4777,,2024.12.06 14:49:56,canceled
2024.12.06 14:33:55,20301813898,Crash 1000 Index,sell,1 / 1,1,,market,,,2024.12.06 14:33:55,filled
2024.12.06 14:33:56,20301813916,Crash 1000 Index,sell,1 / 1,1,,market,,,2024.12.06 14:33:57,filled
2024.12.06 14:34:48,20301814395,Crash 1000 Index,sell,0.2 / 0.2,0.2,,market,,,2024.12.06 14:34:48,filled
2024.12.06 14:34:49,20301814412,Crash 1000 Index,sell,0.2 / 0.2,0.2,,market,,,2024.12.06 14:34:50,filled
2024.12.06 14:34:52,20301814427,Crash 1000 Index,sell,0.2 / 0.2,0.2,,market,,,2024.12.06 14:34:52,filled
2024.12.06 14:34:53,20301814438,Crash 1000 Index,sell,0.2 / 0.2,0.2,,market,,,2024.12.06 14:34:54,filled
2024.12.06 15:12:17,20301843755,Crash 1000 Index,buy,1 / 1,1,5535.8993,5535.8993,,,2024.12.06 15:12:18,filled
2024.12.06 15:12:17,20301843756,Crash 1000 Index,buy,1 / 1,1,5535.8993,5535.8993,,,2024.12.06 15:12:18,filled
2024.12.06 15:12:17,20301843757,Crash 1000 Index,buy,0.2 / 0.2,0.2,5535.8993,5535.8993,,,2024.12.06 15:12:18,filled
2024.12.06 15:12:17,20301843758,Crash 1000 Index,buy,0.2 / 0.2,0.2,5535.8993,5535.8993,,,2024.12.06 15:12:18,filled
2024.12.06 15:12:17,20301843759,Crash 1000 Index,buy,0.2 / 0.2,0.2,5535.8993,5535.8993,,,2024.12.06 15:12:18,filled
2024.12.06 15:12:17,20301843760,Crash 1000 Index,buy,0.2 / 0.2,0.2,5535.8993,5535.8993,,,2024.12.06 15:12:18,filled
2024.12.06 15:18:46,20301848630,Volatility 50 Index,sell,4 / 4,4,,market,,,2024.12.06 15:18:46,filled
2024.12.06 15:18:47,20301848657,Volatility 50 Index,sell,4 / 4,4,,market,,,2024.12.06 15:18:48,filled
2024.12.06 15:21:17,20301850402,Volatility 50 Index,sell limit,4 / 4,4,326.5511,326.5511,327.1199,,2024.12.06 16:24:34,filled
2024.12.06 15:21:38,20301850659,Volatility 50 Index,sell limit,4 / 4,4,326.6396,326.6396,327.0567,,2024.12.06 16:24:40,filled
2024.12.06 15:22:30,20301851328,Volatility 50 Index,sell limit,4 / 4,4,326.6775,326.6775,327.0567,,2024.12.06 16:24:54,filled
2024.12.06 16:35:56,20301905888,Volatility 50 Index,buy,4 / 4,4,327.0567,327.0567,,,2024.12.06 16:35:58,filled
2024.12.06 16:35:56,20301905891,Volatility 50 Index,buy,4 / 4,4,327.0567,327.0567,,,2024.12.06 16:35:58,filled
2024.12.06 16:35:58,20301905924,Volatility 50 Index,buy,4 / 4,4,327.1021,327.1021,,,2024.12.06 16:36:00,filled
2024.12.06 16:35:58,20301905927,Volatility 50 Index,buy,4 / 4,4,327.1021,327.1021,,,2024.12.06 16:36:00,filled
2024.12.06 16:35:58,20301905928,Volatility 50 Index,buy,4 / 4,4,327.1199,327.1199,,,2024.12.06 16:36:00,filled
2024.12.07 12:06:04,20302524200,Boom 1000 Index,buy limit,1 / 0,1,20535.7847,20535.7847,,,2024.12.07 13:31:46,canceled
2024.12.07 12:07:38,20302525720,Boom 1000 Index,buy limit,1 / 1,1,20695.0915,20695.0915,20670.8145,21234.6507,2024.12.07 16:30:37,filled
2024.12.07 13:10:22,20302567606,Boom 1000 Index,buy limit,1 / 1,1,20687.3259,20687.3259,20670.1296,,2024.12.07 16:56:55,filled
2024.12.07 17:37:46,20302741189,Boom 1000 Index,sell,1 / 1,1,20670.8145,20670.8145,,,2024.12.07 17:37:47,filled
2024.12.07 17:38:15,20302741451,Boom 1000 Index,sell,1 / 1,1,20670.1296,20670.1296,,,2024.12.07 17:38:16,filled
2024.12.07 17:39:46,20302742316,Boom 1000 Index,buy limit,1 / 1,1,20608.0295,20608.0295,20591.8263,,2024.12.07 22:06:22,filled
2024.12.07 17:40:02,20302742433,Boom 1000 Index,buy limit,1 / 0,1,20534.7099,20534.7099,20519.2856,,2024.12.07 23:06:50,rejected
2024.12.07 22:17:39,20302892575,Boom 1000 Index,buy limit,0.5 / 0.5,0.5,20533.6895,20533.6895,20518.9608,,2024.12.07 23:07:42,filled
2024.12.07 22:17:41,20302892595,Boom 1000 Index,sell,1 / 1,1,20591.8263,20591.8263,,,2024.12.07 22:17:42,filled
2024.12.07 23:17:58,20302916651,Boom 1000 Index,sell,0.5 / 0.5,0.5,20518.9608,20518.9608,,,2024.12.07 23:17:59,filled
2024.12.07 23:25:45,20302919820,Boom 1000 Index,buy limit,0.5 / 0.5,0.5,20515.8643,20515.8643,,,2024.12.08 03:12:34,filled
2024.12.07 23:26:34,20302920090,Boom 1000 Index,buy limit,0.2 / 0,0.2,20514.612,20514.612,,,2024.12.08 03:13:45,rejected
2024.12.08 03:28:21,20302975236,Boom 1000 Index,sell,0.5 / 0.5,0.5,20495.7695,20495.7695,,,2024.12.08 03:28:21,filled
2024.12.08 09:49:06,20303152087,Boom 1000 Index,buy,0.2 / 0.2,0.2,,market,,,2024.12.08 09:49:06,filled
2024.12.08 10:44:54,20303182118,Boom 1000 Index,sell,0.2 / 0.2,0.2,,market,,,2024.12.08 10:44:55,filled
2024.12.08 10:45:23,20303182448,Boom 1000 Index,buy limit,0.5 / 0,0.5,20346.6288,20346.6288,20333.516,,2024.12.08 12:03:14,canceled
2024.12.08 11:47:17,20303215371,Step Index,sell,0.2 / 0.2,0.2,,market,,,2024.12.08 11:47:18,filled
2024.12.08 11:48:08,20303215937,Step Index,sell,0.2 / 0.2,0.2,,market,,,2024.12.08 11:48:09,filled
2024.12.08 11:48:46,20303216367,Step Index,sell,0.2 / 0.2,0.2,,market,,,2024.12.08 11:48:47,filled
2024.12.08 11:49:36,20303216770,Step Index,sell,0.2 / 0.2,0.2,,market,,,2024.12.08 11:49:37,filled
2024.12.08 11:49:38,20303216800,Step Index,sell,0.2 / 0.2,0.2,,market,,,2024.12.08 11:49:39,filled
2024.12.08 11:50:25,20303217231,Step Index,sell,0.2 / 0.2,0.2,,market,,,2024.12.08 11:50:26,filled
2024.12.08 11:50:27,20303217242,Step Index,sell,0.2 / 0.2,0.2,,market,,,2024.12.08 11:50:28,filled
2024.12.08 11:54:18,20303219263,Step Index,buy,0.2 / 0.2,0.2,,market,,,2024.12.08 11:54:19,filled
2024.12.08 11:54:18,20303219264,Step Index,buy,0.2 / 0.2,0.2,,market,,,2024.12.08 11:54:19,filled
2024.12.08 11:54:18,20303219265,Step Index,buy,0.2 / 0.2,0.2,,market,,,2024.12.08 11:54:19,filled
2024.12.08 11:54:18,20303219266,Step Index,buy,0.2 / 0.2,0.2,,market,,,2024.12.08 11:54:19,filled
2024.12.08 11:54:18,20303219267,Step Index,buy,0.2 / 0.2,0.2,,market,,,2024.12.08 11:54:19,filled
2024.12.08 11:54:18,20303219268,Step Index,buy,0.2 / 0.2,0.2,,market,,,2024.12.08 11:54:19,filled
2024.12.08 11:54:18,20303219269,Step Index,buy,0.2 / 0.2,0.2,,market,,,2024.12.08 11:54:19,filled
2024.12.08 11:59:51,20303221811,Step Index,sell,0.2 / 0.2,0.2,,market,,,2024.12.08 11:59:52,filled
2024.12.08 11:59:54,20303221826,Step Index,sell,0.2 / 0.2,0.2,,market,,,2024.12.08 11:59:55,filled
2024.12.08 11:59:57,20303221851,Step Index,sell,0.2 / 0.2,0.2,,market,,,2024.12.08 11:59:57,filled
2024.12.08 12:00:09,20303221932,Step Index,sell,0.2 / 0.2,0.2,,market,,,2024.12.08 12:00:09,filled
2024.12.08 12:00:11,20303221968,Step Index,sell,0.2 / 0.2,0.2,,market,,,2024.12.08 12:00:12,filled
2024.12.08 12:00:19,20303222104,Step Index,sell,0.2 / 0.2,0.2,,market,,,2024.12.08 12:00:20,filled
2024.12.08 12:00:20,20303222117,Step Index,sell,0.2 / 0.2,0.2,,market,,,2024.12.08 12:00:21,filled
2024.12.08 12:00:29,20303222191,Step Index,sell,0.2 / 0.2,0.2,,market,,,2024.12.08 12:00:29,filled
2024.12.08 12:00:30,20303222206,Step Index,sell,0.2 / 0.2,0.2,,market,,,2024.12.08 12:00:30,filled
2024.12.08 12:00:54,20303222420,Step Index,sell,0.2 / 0.2,0.2,,market,,,2024.12.08 12:00:55,filled
2024.12.08 12:02:25,20303223495,Step Index,buy,0.2 / 0.2,0.2,8170.5,8170.5,,,2024.12.08 12:02:25,filled
2024.12.08 12:02:26,20303223509,Step Index,buy,0.2 / 0.2,0.2,8170.6,8170.6,,,2024.12.08 12:02:26,filled
2024.12.08 12:02:27,20303223519,Step Index,buy,0.2 / 0.2,0.2,8170.7,8170.7,,,2024.12.08 12:02:27,filled
2024.12.08 12:02:27,20303223520,Step Index,buy,0.2 / 0.2,0.2,8170.7,8170.7,,,2024.12.08 12:02:27,filled
2024.12.08 12:02:28,20303223530,Step Index,buy,0.2 / 0.2,0.2,8170.8,8170.8,,,2024.12.08 12:02:28,filled
2024.12.08 12:02:28,20303223550,Step Index,buy,0.2 / 0.2,0.2,,market,,,2024.12.08 12:02:29,filled
2024.12.08 12:02:28,20303223551,Step Index,buy,0.2 / 0.2,0.2,,market,,,2024.12.08 12:02:29,filled
2024.12.08 12:02:28,20303223552,Step Index,buy,0.2 / 0.2,0.2,,market,,,2024.12.08 12:02:29,filled
2024.12.08 12:02:28,20303223553,Step Index,buy,0.2 / 0.2,0.2,,market,,,2024.12.08 12:02:29,filled
2024.12.08 12:02:28,20303223554,Step Index,buy,0.2 / 0.2,0.2,,market,,,2024.12.08 12:02:29,filled
2024.12.08 12:03:25,20303224181,Boom 1000 Index,buy limit,0.2 / 0,0.2,20342.0506,20342.0506,,,2024.12.08 12:12:13,canceled
2024.12.08 12:04:07,20303224610,Step Index,sell,0.2 / 0.2,0.2,,market,,,2024.12.08 12:04:08,filled
2024.12.08 12:06:23,20303226148,Step Index,sell,0.2 / 0.2,0.2,,market,,,2024.12.08 12:06:23,filled
2024.12.08 12:11:29,20303229255,Step Index,buy,0.2 / 0.2,0.2,,market,,,2024.12.08 12:11:30,filled
2024.12.08 12:11:29,20303229256,Step Index,buy,0.2 / 0.2,0.2,,market,,,2024.12.08 12:11:30,filled
2024.12.08 12:12:26,20303229673,Boom 1000 Index,buy limit,0.5 / 0,0.5,20355.0473,20355.0473,,,2024.12.08 21:03:20,canceled
2024.12.08 12:22:29,20303235606,Step Index,sell,0.5 / 0.5,0.5,,market,,,2024.12.08 12:22:30,filled
2024.12.08 12:23:45,20303236259,Step Index,buy,0.5 / 0.5,0.5,,market,,,2024.12.08 12:23:45,filled
2024.12.08 12:23:52,20303236325,Step Index,sell,0.5 / 0.5,0.5,,market,,,2024.12.08 12:23:53,filled
2024.12.08 12:26:15,20303237791,Step Index,buy,0.5 / 0.5,0.5,,market,,,2024.12.08 12:26:16,filled
2024.12.08 12:27:40,20303238661,Boom 1000 Index,buy,0.2 / 0.2,0.2,,market,,,2024.12.08 12:27:40,filled
2024.12.08 19:04:24,20303466752,Boom 1000 Index,buy limit,0.2 / 0,0.2,20354.3006,20354.3006,,,2024.12.08 21:03:13,canceled
2024.12.08 19:04:38,20303466849,Boom 1000 Index,buy limit,0.2 / 0,0.2,20355.138,20355.138,,,2024.12.08 21:03:10,canceled
2024.12.08 19:08:54,20303469241,Boom 1000 Index,buy limit,0.5 / 0,0.5,20353.7424,20353.7424,,,2024.12.08 21:03:06,canceled
2024.12.08 20:09:01,20303501867,Boom 1000 Index,sell,0.2 / 0.2,0.2,,market,,,2024.12.08 20:09:01,filled
2024.12.08 20:10:08,20303502349,Boom 1000 Index,sell,0.2 / 0.2,0.2,,market,,,2024.12.08 20:10:09,filled
2024.12.08 20:14:35,20303504614,Boom 1000 Index,buy,0.2 / 0.2,0.2,,market,,,2024.12.08 20:14:35,filled
2024.12.08 20:34:05,20303515198,Boom 1000 Index,buy,0.5 / 0.5,0.5,,market,,,2024.12.08 20:34:06,filled
2024.12.08 20:34:12,20303515225,Boom 1000 Index,buy,0.5 / 0.5,0.5,,market,,,2024.12.08 20:34:13,filled
2024.12.08 20:35:29,20303515718,Boom 1000 Index,buy limit,0.5 / 0,0.5,20409.3085,20409.3085,,,2024.12.08 20:35:38,canceled
2024.12.08 20:35:46,20303515843,Boom 1000 Index,buy limit,0.2 / 0,0.2,20408.2458,20408.2458,,,2024.12.08 21:03:02,canceled
2024.12.08 20:35:56,20303515936,Boom 1000 Index,buy limit,0.2 / 0,0.2,20408.1041,20408.1041,,,2024.12.08 21:02:55,canceled
2024.12.08 20:36:10,20303516071,Boom 1000 Index,buy limit,0.2 / 0,0.2,20408.175,20408.175,,,2024.12.08 21:02:52,canceled
2024.12.08 20:36:22,20303516165,Boom 1000 Index,buy limit,0.2 / 0,0.2,20407.8916,20407.8916,,,2024.12.08 21:02:59,canceled
2024.12.08 20:36:31,20303516226,Boom 1000 Index,buy limit,0.2 / 0,0.2,20407.9624,20407.9624,,,2024.12.08 21:02:49,canceled
2024.12.09 03:37:51,20303643526,Boom 1000 Index,sell,0.5 / 0.5,0.5,,market,,,2024.12.09 03:37:52,filled
2024.12.09 03:37:57,20303643539,Boom 1000 Index,sell,0.5 / 0.5,0.5,,market,,,2024.12.09 03:37:57,filled
2024.12.09 03:43:26,20303644754,Boom 1000 Index,buy limit,0.5 / 0.5,0.5,20413.436,20413.436,,,2024.12.09 04:05:59,filled
2024.12.09 03:43:36,20303644797,Boom 1000 Index,buy limit,0.5 / 0,0.5,20412.5301,20412.5301,,,2024.12.09 04:06:36,rejected
2024.12.09 04:09:43,20303651567,Boom 1000 Index,buy limit,0.4 / 0,0.4,20405.1372,20405.1372,,,2024.12.09 04:12:33,rejected
2024.12.09 04:09:56,20303651605,Boom 1000 Index,buy limit,0.3 / 0.3,0.3,20405.6957,20405.6957,,,2024.12.09 04:12:10,filled
2024.12.09 04:21:02,20303654571,Boom 1000 Index,sell,0.5 / 0.5,0.5,,market,,,2024.12.09 04:21:02,filled
2024.12.09 04:21:06,20303654596,Boom 1000 Index,sell,0.3 / 0.3,0.3,,market,,,2024.12.09 04:21:07,filled
2024.12.09 04:21:15,20303654623,Boom 1000 Index,sell,0.5 / 0.5,0.5,,market,,,2024.12.09 04:21:16,filled
2024.12.09 05:03:25,20303668907,Boom 1000 Index,buy limit,0.5 / 0.5,0.5,20387.8879,20387.8879,,,2024.12.09 05:57:39,filled
2024.12.09 05:03:33,20303668947,Boom 1000 Index,buy limit,0.5 / 0,0.5,20365.9909,20365.9909,,,2024.12.09 06:15:10,rejected
2024.12.09 05:17:46,20303674066,Boom 1000 Index,buy,0.5 / 0.5,0.5,,market,,,2024.12.09 05:17:47,filled
2024.12.09 06:21:18,20303702959,Boom 1000 Index,sell,0.5 / 0.5,0.5,,market,,,2024.12.09 06:21:19,filled
2024.12.09 06:21:28,20303703024,Boom 1000 Index,sell,0.2 / 0.2,0.2,,market,,,2024.12.09 06:21:29,filled
2024.12.09 06:21:29,20303703037,Boom 1000 Index,sell,0.2 / 0.2,0.2,,market,,,2024.12.09 06:21:30,filled
2024.12.09 06:27:37,20303706553,Boom 1000 Index,buy,0.2 / 0.2,0.2,20404.6015,20404.6015,,,2024.12.09 06:27:37,filled
2024.12.09 06:27:37,20303706568,Boom 1000 Index,buy,0.2 / 0.2,0.2,20404.6015,20404.6015,,,2024.12.09 06:27:37,filled
2024.12.09 06:33:51,20303710399,Boom 1000 Index,buy limit,0.5 / 0,0.5,20375.061,20375.061,,,2024.12.09 07:03:40,rejected
2024.12.09 06:33:59,20303710495,Boom 1000 Index,buy limit,0.5 / 0.5,0.5,20375.1708,20375.1708,,,2024.12.09 07:03:35,filled
2024.12.09 06:34:06,20303710555,Boom 1000 Index,buy limit,0.5 / 0,0.5,20375.0918,20375.0918,,,2024.12.09 07:03:40,rejected
2024.12.09 06:34:16,20303710630,Boom 1000 Index,buy limit,0.5 / 0,0.5,20375.0128,20375.0128,,,2024.12.09 07:03:41,rejected
2024.12.09 06:34:23,20303710709,Boom 1000 Index,buy limit,0.5 / 0.5,0.5,20375.2498,20375.2498,,,2024.12.09 07:03:31,filled
2024.12.09 06:44:22,20303716457,Boom 1000 Index,buy,0.5 / 0.5,0.5,,market,,,2024.12.09 06:44:22,filled
2024.12.09 07:44:59,20303749113,Boom 1000 Index,sell,0.5 / 0.5,0.5,,market,,,2024.12.09 07:45:00,filled
2024.12.09 07:44:59,20303749114,Boom 1000 Index,sell,0.5 / 0.5,0.5,,market,,,2024.12.09 07:45:00,filled
2024.12.09 07:44:59,20303749115,Boom 1000 Index,sell,0.5 / 0.5,0.5,,market,,,2024.12.09 07:45:00,filled
2024.12.09 07:48:37,20303751395,Boom 1000 Index,buy,0.5 / 0.5,0.5,,market,,,2024.12.09 07:48:37,filled
2024.12.09 07:49:03,20303751604,Boom 1000 Index,buy,0.3 / 0.3,0.3,,market,,,2024.12.09 07:49:04,filled
2024.12.09 07:54:39,20303754806,Boom 1000 Index,sell,0.5 / 0.5,0.5,,market,,,2024.12.09 07:54:39,filled
2024.12.09 07:54:41,20303754832,Boom 1000 Index,sell,0.3 / 0.3,0.3,,market,,,2024.12.09 07:54:42,filled
2024.12.09 07:55:13,20303755154,Boom 1000 Index,sell,0.5 / 0.5,0.5,,market,,,2024.12.09 07:55:14,filled
2024.12.09 08:57:38,20303795695,Boom 1000 Index,buy,0.5 / 0.5,0.5,20380.8535,20380.8535,,,2024.12.09 08:57:38,filled
2024.12.09 11:42:36,20303899086,Volatility 50 Index,sell limit,4 / 0,4,337.5169,337.5169,,,2024.12.09 12:37:12,canceled
2024.12.09 11:42:52,20303899222,Volatility 50 Index,sell limit,4 / 0,4,337.6654,337.6654,,,2024.12.09 12:37:08,canceled
2024.12.09 11:46:06,20303901143,Step Index,buy,0.1 / 0.1,0.1,,market,,,2024.12.09 11:46:07,filled
2024.12.09 11:49:05,20303902983,Step Index,sell,0.1 / 0.1,0.1,8175.2,8175.2,,,2024.12.09 11:49:05,filled
2024.12.09 12:21:03,20303923505,Boom 1000 Index,buy,0.5 / 0.5,0.5,,market,,,2024.12.09 12:21:03,filled
2024.12.09 12:21:05,20303923534,Boom 1000 Index,buy,0.5 / 0.5,0.5,,market,,,2024.12.09 12:21:06,filled
2024.12.09 12:25:16,20303926085,Boom 1000 Index,sell,0.5 / 0.5,0.5,,market,,,2024.12.09 12:25:16,filled
2024.12.09 12:25:21,20303926140,Boom 1000 Index,sell,0.5 / 0.5,0.5,,market,,,2024.12.09 12:25:22,filled
2024.12.09 12:27:06,20303927283,Boom 1000 Index,sell,0.5 / 0.5,0.5,,market,,,2024.12.09 12:27:07,filled
2024.12.09 12:27:12,20303927393,Boom 1000 Index,sell,0.5 / 0.5,0.5,,market,,,2024.12.09 12:27:13,filled
2024.12.09 12:33:09,20303932057,Boom 1000 Index,buy,0.5 / 0.5,0.5,,market,,,2024.12.09 12:33:10,filled
2024.12.09 12:33:10,20303932084,Boom 1000 Index,buy,0.5 / 0.5,0.5,,market,,,2024.12.09 12:33:11,filled
2024.12.09 12:34:35,20303932991,Crash 900 Index,buy,0.2 / 0.2,0.2,,market,,,2024.12.09 12:34:36,filled
2024.12.09 12:34:48,20303933131,Crash 900 Index,sell,0.2 / 0.2,0.2,,market,,,2024.12.09 12:34:49,filled
2024.12.09 12:55:44,20303945731,Boom 1000 Index,buy limit,0.5 / 0,0.5,20331.9136,20331.9136,,,2024.12.09 14:48:21,canceled
2024.12.09 12:56:09,20303946224,Boom 1000 Index,buy limit,0.5 / 0,0.5,20331.4794,20331.4794,,,2024.12.09 14:48:18,canceled
2024.12.09 12:56:16,20303946332,Boom 1000 Index,buy limit,0.5 / 0,0.5,20332.0583,20332.0583,,,2024.12.09 14:48:15,canceled
2024.12.09 22:29:14,20304284972,Volatility 50 Index,buy limit,4 / 4,4,326.7885,326.7885,325.5249,,2024.12.10 04:45:04,filled
2024.12.09 22:29:36,20304285114,Volatility 50 Index,buy limit,4 / 4,4,326.7646,326.7646,325.5249,,2024.12.10 04:49:50,filled
2024.12.09 22:30:02,20304285277,Volatility 50 Index,buy limit,4 / 4,4,326.7883,326.7883,325.5249,,2024.12.10 04:45:04,filled
2024.12.09 22:30:22,20304285418,Volatility 50 Index,buy limit,4 / 4,4,326.7367,326.7367,325.5249,,2024.12.10 04:49:54,filled
2024.12.09 22:30:47,20304285645,Volatility 50 Index,buy limit,4 / 4,4,326.7625,326.7625,325.5249,,2024.12.10 04:49:50,filled
2024.12.09 22:41:23,20304289322,Crash 500 Index,sell limit,1 / 1,1,4247.022,4247.022,4249.672,,2024.12.10 05:27:34,filled
2024.12.09 22:41:38,20304289390,Crash 500 Index,sell limit,1 / 1,1,4246.971,4246.971,4249.672,,2024.12.10 05:27:28,filled
2024.12.09 22:41:47,20304289459,Crash 500 Index,sell limit,1 / 1,1,4246.971,4246.971,4249.672,,2024.12.10 05:27:28,filled
2024.12.09 22:42:01,20304289542,Crash 500 Index,sell limit,1 / 1,1,4247.175,4247.175,4249.672,,2024.12.10 05:27:49,filled
2024.12.09 22:43:22,20304289979,Crash 500 Index,sell limit,1 / 1,1,4247.073,4247.073,4249.672,,2024.12.10 05:27:39,filled
2024.12.10 04:55:33,20304389954,Volatility 50 Index,sell,4 / 4,4,,market,,,2024.12.10 04:55:34,filled
2024.12.10 04:55:33,20304389955,Volatility 50 Index,sell,4 / 4,4,,market,,,2024.12.10 04:55:34,filled
2024.12.10 04:55:33,20304389956,Volatility 50 Index,sell,4 / 4,4,,market,,,2024.12.10 04:55:34,filled
2024.12.10 04:55:33,20304389957,Volatility 50 Index,sell,4 / 4,4,,market,,,2024.12.10 04:55:34,filled
2024.12.10 04:55:33,20304389958,Volatility 50 Index,sell,4 / 4,4,,market,,,2024.12.10 04:55:34,filled
2024.12.10 04:58:33,20304391092,Volatility 50 Index,buy limit,4 / 0,4,326.4672,326.4672,325.6878,,2024.12.10 09:23:24,canceled
2024.12.10 04:58:42,20304391126,Volatility 50 Index,buy limit,4 / 0,4,326.4329,326.4329,325.6878,,2024.12.10 09:23:24,canceled
2024.12.10 04:58:56,20304391222,Volatility 50 Index,buy limit,4 / 0,4,326.4398,326.4398,325.6878,,2024.12.10 09:23:24,canceled
2024.12.10 04:59:10,20304391294,Volatility 50 Index,buy limit,4 / 0,4,326.4329,326.4329,325.6878,,2024.12.10 09:23:24,canceled
2024.12.10 05:13:15,20304397095,Volatility 50 Index,buy limit,4 / 0,4,326.4351,326.4351,325.7127,,2024.12.10 09:23:18,canceled
2024.12.10 05:36:12,20304407896,Crash 500 Index,buy,1 / 1,1,4249.672,4249.672,,,2024.12.10 05:36:13,filled
2024.12.10 05:36:12,20304407897,Crash 500 Index,buy,1 / 1,1,4249.672,4249.672,,,2024.12.10 05:36:13,filled
2024.12.10 05:36:12,20304407898,Crash 500 Index,buy,1 / 1,1,4249.672,4249.672,,,2024.12.10 05:36:13,filled
2024.12.10 05:36:12,20304407899,Crash 500 Index,buy,1 / 1,1,4249.672,4249.672,,,2024.12.10 05:36:13,filled
2024.12.10 05:36:12,20304407900,Crash 500 Index,buy,1 / 1,1,4249.672,4249.672,,,2024.12.10 05:36:13,filled
2024.12.10 05:43:47,20304411430,Volatility 50 Index,sell,4 / 4,4,,market,,,2024.12.10 05:43:48,filled
2024.12.10 05:43:47,20304411431,Volatility 50 Index,sell,4 / 4,4,,market,,,2024.12.10 05:43:48,filled
2024.12.10 05:43:47,20304411432,Volatility 50 Index,sell,4 / 4,4,,market,,,2024.12.10 05:43:48,filled
2024.12.10 05:43:48,20304411437,Volatility 50 Index,sell,4 / 4,4,,market,,,2024.12.10 05:43:50,filled
2024.12.10 05:43:48,20304411441,Volatility 50 Index,sell,4 / 4,4,,market,,,2024.12.10 05:43:50,filled
2024.12.10 05:45:37,20304412433,Volatility 50 Index,sell,4 / 4,4,,market,,,2024.12.10 05:45:38,filled
2024.12.10 05:45:37,20304412438,Volatility 50 Index,sell,4 / 4,4,,market,,,2024.12.10 05:45:38,filled
2024.12.10 05:45:38,20304412462,Volatility 50 Index,sell,4 / 4,4,,market,,,2024.12.10 05:45:40,filled
2024.12.10 05:46:47,20304413212,Volatility 50 Index,sell,4 / 4,4,,market,,,2024.12.10 05:46:48,filled
2024.12.10 05:46:48,20304413213,Volatility 50 Index,sell,4 / 4,4,,market,,,2024.12.10 05:46:48,filled
2024.12.10 05:46:48,20304413222,Volatility 50 Index,sell,4 / 4,4,,market,,,2024.12.10 05:46:50,filled
2024.12.10 05:46:48,20304413240,Volatility 50 Index,sell,4 / 4,4,,market,,,2024.12.10 05:46:50,filled
2024.12.10 05:46:50,20304413258,Volatility 50 Index,sell,4 / 4,4,,market,,,2024.12.10 05:46:52,filled
2024.12.10 06:01:19,20304420888,Volatility 50 Index,buy,4 / 4,4,,market,,,2024.12.10 06:01:20,filled
2024.12.10 06:01:19,20304420897,Volatility 50 Index,buy,4 / 4,4,,market,,,2024.12.10 06:01:20,filled
2024.12.10 06:01:19,20304420898,Volatility 50 Index,buy,4 / 4,4,,market,,,2024.12.10 06:01:20,filled
2024.12.10 06:01:19,20304420899,Volatility 50 Index,buy,4 / 4,4,,market,,,2024.12.10 06:01:20,filled
2024.12.10 06:01:19,20304420900,Volatility 50 Index,buy,4 / 4,4,,market,,,2024.12.10 06:01:20,filled
2024.12.10 06:01:19,20304420901,Volatility 50 Index,buy,4 / 4,4,,market,,,2024.12.10 06:01:20,filled
2024.12.10 06:01:19,20304420902,Volatility 50 Index,buy,4 / 4,4,,market,,,2024.12.10 06:01:20,filled
2024.12.10 06:01:19,20304420903,Volatility 50 Index,buy,4 / 4,4,,market,,,2024.12.10 06:01:20,filled
2024.12.10 06:01:19,20304420904,Volatility 50 Index,buy,4 / 4,4,,market,,,2024.12.10 06:01:20,filled
2024.12.10 06:01:19,20304420905,Volatility 50 Index,buy,4 / 4,4,,market,,,2024.12.10 06:01:20,filled
2024.12.10 06:01:19,20304420906,Volatility 50 Index,buy,4 / 4,4,,market,,,2024.12.10 06:01:20,filled
2024.12.10 06:01:19,20304420907,Volatility 50 Index,buy,4 / 4,4,,market,,,2024.12.10 06:01:20,filled
2024.12.10 06:01:19,20304420908,Volatility 50 Index,buy,4 / 4,4,,market,,,2024.12.10 06:01:20,filled
2024.12.10 06:05:39,20304423422,Crash 500 Index,sell limit,1 / 0,1,4255.844,4255.844,4257.735,,2024.12.10 08:23:23,rejected
2024.12.10 06:05:53,20304423520,Crash 500 Index,sell limit,1 / 0,1,4255.725,4255.725,4257.676,,2024.12.10 08:23:13,rejected
2024.12.10 06:06:28,20304423767,Crash 500 Index,sell limit,1 / 1,1,4255.708,4255.708,4257.642,,2024.12.10 08:23:11,filled
2024.12.10 06:06:49,20304423963,Crash 500 Index,sell limit,1 / 1,1,4255.708,4255.708,4257.642,,2024.12.10 08:23:11,filled
2024.12.10 06:07:14,20304424261,Crash 500 Index,sell limit,1 / 0,1,4255.842,4255.842,4257.775,,2024.12.10 08:23:23,rejected
2024.12.10 08:04:24,20304488104,Crash 500 Index,sell,1 / 1,1,,market,,,2024.12.10 08:04:25,filled
2024.12.10 08:04:29,20304488167,Crash 500 Index,sell,1 / 1,1,,market,,,2024.12.10 08:04:30,filled
2024.12.10 08:04:33,20304488199,Crash 500 Index,sell,1 / 1,1,,market,,,2024.12.10 08:04:33,filled
2024.12.10 08:04:34,20304488210,Crash 500 Index,sell,1 / 1,1,,market,,,2024.12.10 08:04:35,filled
2024.12.10 08:04:38,20304488249,Crash 500 Index,sell,1 / 1,1,,market,,,2024.12.10 08:04:38,filled
2024.12.10 08:16:44,20304496461,Crash 500 Index,buy,1 / 1,1,4252.756,4252.756,,,2024.12.10 08:16:44,filled
2024.12.10 08:19:21,20304498407,Crash 500 Index,buy,1 / 1,1,4254.08,4254.08,,,2024.12.10 08:19:21,filled
2024.12.10 08:19:25,20304498432,Crash 500 Index,buy,1 / 1,1,,market,,,2024.12.10 08:19:26,filled
2024.12.10 08:19:25,20304498433,Crash 500 Index,buy,1 / 1,1,,market,,,2024.12.10 08:19:26,filled
2024.12.10 08:19:25,20304498434,Crash 500 Index,buy,1 / 1,1,,market,,,2024.12.10 08:19:26,filled
2024.12.10 08:21:34,20304499775,Crash 500 Index,sell,1 / 1,1,,market,,,2024.12.10 08:21:35,filled
2024.12.10 08:23:44,20304500957,Crash 500 Index,sell,0.2 / 0.2,0.2,,market,,,2024.12.10 08:23:45,filled
2024.12.10 08:26:20,20304502944,Crash 500 Index,buy,1 / 1,1,4257.642,4257.642,,,2024.12.10 08:26:21,filled
2024.12.10 08:26:20,20304502945,Crash 500 Index,buy,1 / 1,1,4257.642,4257.642,,,2024.12.10 08:26:21,filled
2024.12.10 08:27:21,20304503766,Crash 500 Index,buy,1 / 1,1,,market,,,2024.12.10 08:27:22,filled
2024.12.10 08:27:30,20304503948,Crash 500 Index,buy,0.2 / 0.2,0.2,,market,,,2024.12.10 08:27:31,filled
2024.12.10 08:29:20,20304505219,Boom 1000 Index,buy,0.5 / 0.5,0.5,,market,,,2024.12.10 08:29:20,filled
2024.12.10 08:36:53,20304510338,Volatility 50 Index,buy,4 / 4,4,,market,,,2024.12.10 08:36:54,filled
2024.12.10 08:38:05,20304511326,Volatility 50 Index,buy,4 / 4,4,,market,,,2024.12.10 08:38:06,filled
2024.12.10 08:38:08,20304511357,Volatility 50 Index,buy,4 / 4,4,,market,,,2024.12.10 08:38:08,filled
2024.12.10 08:39:01,20304512124,Volatility 50 Index,sell,4 / 4,4,,market,,,2024.12.10 08:39:02,filled
2024.12.10 08:39:01,20304512125,Volatility 50 Index,sell,4 / 4,4,,market,,,2024.12.10 08:39:02,filled
2024.12.10 08:39:01,20304512126,Volatility 50 Index,sell,4 / 4,4,,market,,,2024.12.10 08:39:02,filled
2024.12.10 08:39:43,20304512591,Boom 1000 Index,buy limit,0.5 / 0,0.5,20193.6709,20193.6709,,,2024.12.10 09:05:31,rejected
2024.12.10 08:40:01,20304512786,Boom 1000 Index,buy limit,0.5 / 0,0.5,20186.0958,20186.0958,,,2024.12.10 08:47:07,canceled
2024.12.10 08:41:26,20304513770,Volatility 50 Index,buy,4 / 4,4,,market,,,2024.12.10 08:41:28,filled
2024.12.10 08:41:33,20304514023,Volatility 50 Index,buy,4 / 4,4,,market,,,2024.12.10 08:41:34,filled
2024.12.10 08:41:43,20304514165,Volatility 50 Index,buy,4 / 4,4,,market,,,2024.12.10 08:41:44,filled
2024.12.10 08:42:24,20304514763,Volatility 50 Index,buy,4 / 4,4,,market,,,2024.12.10 08:42:26,filled
2024.12.10 08:42:38,20304514940,Volatility 50 Index,buy,4 / 4,4,,market,,,2024.12.10 08:42:40,filled
2024.12.10 08:48:14,20304518409,Boom 1000 Index,buy,0.5 / 0.5,0.5,,market,,,2024.12.10 08:48:15,filled
2024.12.10 09:07:20,20304530734,Boom 1000 Index,sell,0.5 / 0.5,0.5,20189.6435,20189.6435,,,2024.12.10 09:07:20,filled
2024.12.10 09:10:28,20304532723,Boom 1000 Index,sell,0.5 / 0.5,0.5,20185.7915,20185.7915,,,2024.12.10 09:10:28,filled
2024.12.10 09:11:46,20304533557,Volatility 50 Index,sell,4 / 4,4,326.6631,326.6631,,,2024.12.10 09:11:46,filled
2024.12.10 09:11:46,20304533560,Volatility 50 Index,sell,4 / 4,4,326.6631,326.6631,,,2024.12.10 09:11:46,filled
2024.12.10 09:11:52,20304533611,Volatility 50 Index,sell,4 / 4,4,326.6284,326.6284,,,2024.12.10 09:11:52,filled
2024.12.10 09:11:52,20304533613,Volatility 50 Index,sell,4 / 4,4,326.6284,326.6284,,,2024.12.10 09:11:52,filled
2024.12.10 09:11:56,20304533664,Volatility 50 Index,sell,4 / 4,4,326.5574,326.5574,,,2024.12.10 09:11:56,filled
2024.12.10 09:27:15,20304543939,Crash 500 Index,sell limit,1 / 1,1,4268.376,4268.376,4273.085,,2024.12.10 13:56:38,filled
2024.12.10 09:27:36,20304544172,Crash 500 Index,sell limit,1 / 1,1,4268.224,4268.224,4273.145,,2024.12.10 13:56:19,filled
2024.12.10 09:31:01,20304546298,Crash 500 Index,sell limit,1 / 1,1,4268.426,4268.426,4272.65,,2024.12.10 13:56:46,filled
2024.12.10 09:32:26,20304547077,Crash 500 Index,sell limit,1 / 0,1,4268.174,4268.174,4272.622,,2024.12.10 13:55:44,canceled
2024.12.10 12:15:34,20304654216,Volatility 50 Index,buy limit,4 / 0,4,326.4346,326.4346,326.1032,,2024.12.10 14:52:30,canceled
2024.12.10 12:15:42,20304654313,Volatility 50 Index,buy limit,4 / 0,4,326.4122,326.4122,326.1032,,2024.12.10 14:52:54,canceled
2024.12.10 12:15:50,20304654400,Volatility 50 Index,buy limit,4 / 0,4,326.4271,326.4271,326.1032,,2024.12.10 14:53:08,canceled
2024.12.10 12:16:00,20304654502,Volatility 50 Index,buy limit,4 / 0,4,326.4506,326.4506,326.1032,,2024.12.10 14:53:02,canceled
2024.12.10 12:16:08,20304654663,Volatility 50 Index,buy limit,4 / 0,4,326.4285,326.4285,326.1032,,2024.12.10 14:52:48,canceled
2024.12.10 13:38:04,20304705151,Crash 500 Index,sell,1 / 1,1,,market,,,2024.12.10 13:38:04,filled
2024.12.10 13:42:18,20304707636,Crash 500 Index,buy,1 / 1,1,,market,,,2024.12.10 13:42:19,filled
2024.12.10 13:47:21,20304710166,Crash 500 Index,sell,1 / 1,1,,market,,,2024.12.10 13:47:21,filled
2024.12.10 14:50:22,20304750454,Volatility 50 Index,buy,4 / 4,4,,market,,,2024.12.10 14:50:24,filled
2024.12.10 14:50:29,20304750510,Volatility 50 Index,buy,4 / 4,4,,market,,,2024.12.10 14:50:30,filled
2024.12.10 14:50:30,20304750543,Volatility 50 Index,buy,4 / 4,4,,market,,,2024.12.10 14:50:32,filled
2024.12.10 14:50:33,20304750560,Volatility 50 Index,buy,4 / 4,4,,market,,,2024.12.10 14:50:34,filled
2024.12.10 14:51:17,20304750955,Volatility 50 Index,buy,4 / 4,4,,market,,,2024.12.10 14:51:18,filled
2024.12.10 14:52:06,20304751494,Volatility 50 Index,buy,4 / 4,4,,market,,,2024.12.10 14:52:08,filled
2024.12.10 15:15:16,20304766681,Volatility 50 Index,sell,4 / 4,4,,market,,,2024.12.10 15:15:18,filled
2024.12.10 15:15:16,20304766682,Volatility 50 Index,sell,4 / 4,4,,market,,,2024.12.10 15:15:18,filled
2024.12.10 15:15:16,20304766683,Volatility 50 Index,sell,4 / 4,4,,market,,,2024.12.10 15:15:18,filled
2024.12.10 15:15:16,20304766684,Volatility 50 Index,sell,4 / 4,4,,market,,,2024.12.10 15:15:18,filled
2024.12.10 15:15:16,20304766685,Volatility 50 Index,sell,4 / 4,4,,market,,,2024.12.10 15:15:18,filled
2024.12.10 15:15:16,20304766686,Volatility 50 Index,sell,4 / 4,4,,market,,,2024.12.10 15:15:18,filled
2024.12.10 18:25:50,20304885506,Crash 500 Index,sell,1 / 1,1,,market,,,2024.12.10 18:25:50,filled
2024.12.10 18:25:59,20304885561,Crash 500 Index,sell,0.2 / 0.2,0.2,,market,,,2024.12.10 18:26:00,filled
2024.12.10 18:26:01,20304885573,Crash 500 Index,sell,0.2 / 0.2,0.2,,market,,,2024.12.10 18:26:01,filled
2024.12.10 18:26:01,20304885576,Crash 500 Index,sell,0.2 / 0.2,0.2,,market,,,2024.12.10 18:26:02,filled
2024.12.10 18:26:02,20304885577,Crash 500 Index,sell,0.2 / 0.2,0.2,,market,,,2024.12.10 18:26:03,filled
2024.12.10 19:43:04,20304931259,Crash 500 Index,buy,1 / 1,1,,market,,,2024.12.10 19:43:05,filled
2024.12.10 19:43:05,20304931268,Crash 500 Index,buy,1 / 1,1,,market,,,2024.12.10 19:43:06,filled
2024.12.10 19:43:07,20304931277,Crash 500 Index,buy,1 / 1,1,,market,,,2024.12.10 19:43:08,filled
2024.12.10 19:43:10,20304931290,Crash 500 Index,buy,1 / 1,1,,market,,,2024.12.10 19:43:11,filled
2024.12.10 19:43:14,20304931322,Crash 500 Index,buy,1 / 1,1,,market,,,2024.12.10 19:43:15,filled
2024.12.10 19:43:19,20304931362,Crash 500 Index,buy,0.2 / 0.2,0.2,,market,,,2024.12.10 19:43:20,filled
2024.12.10 19:43:25,20304931410,Crash 500 Index,buy,0.2 / 0.2,0.2,,market,,,2024.12.10 19:43:26,filled
2024.12.10 19:43:31,20304931451,Crash 500 Index,buy,0.2 / 0.2,0.2,,market,,,2024.12.10 19:43:32,filled
2024.12.10 19:43:35,20304931483,Crash 500 Index,buy,0.2 / 0.2,0.2,,market,,,2024.12.10 19:43:36,filled
2024.12.10 22:23:13,20305012450,Crash 1000 Index,sell limit,1 / 0,1,5308.6542,5308.6542,5311.6714,,2024.12.11 12:02:29,canceled
2024.12.10 22:23:55,20305012950,Crash 1000 Index,sell limit,1 / 0,1,5306.7069,5306.7069,5311.6714,,2024.12.11 11:46:01,canceled
2024.12.10 22:24:17,20305013106,Crash 1000 Index,sell limit,1 / 0,1,5309.0499,5309.0499,5311.6714,,2024.12.11 12:02:23,canceled
2024.12.10 22:39:29,20305018617,Boom 1000 Index,buy limit,0.5 / 0,0.5,19854.3967,19854.3967,19764.5167,,2024.12.11 06:51:13,canceled
2024.12.10 22:42:09,20305019406,Boom 1000 Index,buy limit,0.5 / 0,0.5,19819.4569,19819.4569,19763.8805,,2024.12.11 06:51:16,canceled
2024.12.11 06:51:01,20305168967,Boom 1000 Index,buy,0.5 / 0.5,0.5,,market,,,2024.12.11 06:51:02,filled
2024.12.11 06:54:41,20305170748,Boom 1000 Index,buy limit,0.5 / 0.5,0.5,19786.0714,19786.0714,19772.8018,,2024.12.11 08:07:30,filled
2024.12.11 07:02:51,20305175140,Boom 1000 Index,sell,0.5 / 0.5,0.5,19859.3338,19859.3338,,,2024.12.11 07:02:52,filled
2024.12.11 07:07:39,20305177619,Boom 1000 Index,buy,0.5 / 0.5,0.5,,market,,,2024.12.11 07:07:40,filled
2024.12.11 07:11:10,20305179907,Boom 1000 Index,sell,0.5 / 0.5,0.5,,market,,,2024.12.11 07:11:11,filled
2024.12.11 08:12:15,20305215538,Boom 1000 Index,sell,0.5 / 0.5,0.5,,market,,,2024.12.11 08:12:16,filled
2024.12.11 08:12:46,20305215771,Boom 1000 Index,buy limit,0.5 / 0.5,0.5,19788.088,19788.088,,,2024.12.11 10:13:29,filled
2024.12.11 10:23:06,20305292346,Boom 1000 Index,sell,0.5 / 0.5,0.5,,market,,,2024.12.11 10:23:07,filled
2024.12.11 11:45:47,20305341776,Crash 1000 Index,sell,1 / 1,1,,market,,,2024.12.11 11:45:48,filled
2024.12.11 12:00:16,20305350988,Crash 1000 Index,sell limit,1 / 0,1,5304.2168,5304.2168,,,2024.12.11 12:33:50,rejected
2024.12.11 12:00:25,20305351076,Crash 1000 Index,sell limit,1 / 0,1,5304.248,5304.248,,,2024.12.11 12:33:55,rejected
2024.12.11 12:01:57,20305352181,Crash 1000 Index,buy,1 / 1,1,,market,,,2024.12.11 12:01:59,filled
2024.12.11 12:02:12,20305352350,Crash 1000 Index,sell limit,1 / 1,1,5304.1136,5304.1136,,,2024.12.11 12:33:30,filled
2024.12.11 12:02:50,20305352634,Crash 1000 Index,sell limit,1 / 1,1,5304.1552,5304.1552,,,2024.12.11 12:33:38,filled
2024.12.11 12:03:04,20305352791,Crash 1000 Index,sell limit,1 / 0,1,5304.1856,5304.1856,,,2024.12.11 12:33:45,rejected
2024.12.11 12:05:50,20305354605,Crash 1000 Index,sell limit,1 / 1,1,5304.1644,5304.1644,,,2024.12.11 12:33:41,filled
2024.12.11 12:06:05,20305354729,Crash 1000 Index,sell limit,1 / 0,1,5304.1644,5304.1644,,,2024.12.11 12:33:40,rejected
2024.12.11 12:19:31,20305362598,Boom 1000 Index,buy limit,0.5 / 0,0.5,19770.7379,19770.7379,19746.7321,,2024.12.12 15:14:39,canceled
2024.12.11 12:34:28,20305372304,Crash 1000 Index,sell,0.2 / 0.2,0.2,,market,,,2024.12.11 12:34:28,filled
2024.12.11 12:42:50,20305378431,Crash 1000 Index,buy,1 / 1,1,,market,,,2024.12.11 12:42:50,filled
2024.12.11 12:42:51,20305378458,Crash 1000 Index,buy,1 / 1,1,,market,,,2024.12.11 12:42:52,filled
2024.12.11 12:42:52,20305378470,Crash 1000 Index,buy,1 / 1,1,,market,,,2024.12.11 12:42:52,filled
2024.12.11 12:42:56,20305378504,Crash 1000 Index,buy,0.2 / 0.2,0.2,,market,,,2024.12.11 12:42:56,filled
2024.12.11 12:45:06,20305379658,Crash 1000 Index,sell,1 / 1,1,,market,,,2024.12.11 12:45:07,filled
2024.12.11 12:45:09,20305379689,Crash 1000 Index,sell,1 / 1,1,,market,,,2024.12.11 12:45:10,filled
2024.12.11 12:50:51,20305383212,Crash 1000 Index,sell,0.2 / 0.2,0.2,,market,,,2024.12.11 12:50:52,filled
2024.12.11 13:12:50,20305396584,Crash 1000 Index,buy,1 / 1,1,5312.2121,5312.2121,,,2024.12.11 13:12:50,filled
2024.12.11 16:25:47,20305516071,Crash 1000 Index,sell limit,1 / 1,1,5295.0903,5295.0903,,,2024.12.11 16:47:55,filled
2024.12.11 16:25:54,20305516147,Crash 1000 Index,sell limit,1 / 0,1,5295.2215,5295.2215,,,2024.12.11 16:48:16,rejected
2024.12.11 16:26:03,20305516240,Crash 1000 Index,sell limit,1 / 1,1,5295.169,5295.169,,,2024.12.11 16:48:09,filled
2024.12.11 16:26:12,20305516338,Crash 1000 Index,sell limit,1 / 0,1,5295.3265,5295.3265,,,2024.12.11 16:48:37,rejected
2024.12.11 16:26:28,20305516498,Crash 1000 Index,sell limit,1 / 0,1,5295.3062,5295.3062,,,2024.12.11 16:48:32,rejected
2024.12.11 16:53:04,20305532569,Crash 1000 Index,sell,0.2 / 0.2,0.2,,market,,,2024.12.11 16:53:04,filled
2024.12.11 16:53:04,20305532573,Crash 1000 Index,sell,0.2 / 0.2,0.2,,market,,,2024.12.11 16:53:05,filled
2024.12.11 17:58:36,20305562057,Crash 1000 Index,buy,1 / 1,1,,market,,,2024.12.11 17:58:37,filled
2024.12.11 17:58:36,20305562058,Crash 1000 Index,buy,0.2 / 0.2,0.2,,market,,,2024.12.11 17:58:37,filled
2024.12.11 17:58:36,20305562059,Crash 1000 Index,buy,1 / 1,1,,market,,,2024.12.11 17:58:37,filled
2024.12.11 17:58:36,20305562060,Crash 1000 Index,buy,1 / 1,1,,market,,,2024.12.11 17:58:37,filled
2024.12.11 17:58:36,20305562061,Crash 1000 Index,buy,0.2 / 0.2,0.2,,market,,,2024.12.11 17:58:37,filled
2024.12.11 17:58:36,20305562062,Crash 1000 Index,buy,0.2 / 0.2,0.2,,market,,,2024.12.11 17:58:37,filled
2024.12.11 22:44:48,20305696920,Boom 1000 Index,buy limit,0.5 / 0,0.5,19771.3913,19771.3913,19746.7146,,2024.12.12 15:14:43,canceled
2024.12.12 05:51:16,20305808964,Crash 500 Index,sell limit,1 / 0,1,4190.848,4190.848,4194.621,,2024.12.12 06:35:09,canceled
2024.12.12 05:52:15,20305809386,Crash 500 Index,sell limit,1 / 0,1,4190.944,4190.944,4194.616,,2024.12.12 06:35:05,canceled
2024.12.12 05:52:38,20305809566,Crash 500 Index,sell limit,1 / 0,1,4190.837,4190.837,4194.616,,2024.12.12 06:35:02,canceled
2024.12.12 05:53:48,20305810057,Crash 500 Index,sell limit,1 / 0,1,4190.958,4190.958,4194.649,,2024.12.12 06:34:58,canceled
2024.12.12 06:36:05,20305829659,Crash 500 Index,sell limit,1 / 1,1,4124.085,4124.085,4126.702,,2024.12.12 14:52:49,filled
2024.12.12 06:48:25,20305835916,Crash 500 Index,sell limit,1 / 1,1,4123.966,4123.966,4126.702,,2024.12.12 14:52:29,filled
2024.12.12 06:48:37,20305836054,Crash 500 Index,sell limit,1 / 0,1,4123.728,4123.728,4126.939,,2024.12.12 14:49:29,canceled
2024.12.12 09:35:42,20305935168,Boom 1000 Index,buy,1 / 1,1,,market,,,2024.12.12 09:35:42,filled
2024.12.12 10:02:09,20305952257,Boom 1000 Index,sell,1 / 1,1,,market,,,2024.12.12 10:02:09,filled
2024.12.12 10:17:55,20305963943,Boom 1000 Index,buy,1 / 1,1,,market,,,2024.12.12 10:17:56,filled
2024.12.12 10:24:24,20305967496,Boom 1000 Index,sell,1 / 1,1,,market,,,2024.12.12 10:24:25,filled
2024.12.12 10:25:19,20305968001,Boom 1000 Index,buy,0.5 / 0.5,0.5,,market,,,2024.12.12 10:25:20,filled
2024.12.12 10:44:39,20305981263,Boom 1000 Index,sell,0.5 / 0.5,0.5,,market,,,2024.12.12 10:44:40,filled
2024.12.12 13:49:10,20306107780,Boom 1000 Index,buy limit,1 / 0,1,20080.0128,20080.0128,20076.7341,20200.8449,2024.12.12 15:14:47,canceled
2024.12.12 14:43:32,20306142746,Crash 500 Index,sell,1 / 1,1,,market,,,2024.12.12 14:43:33,filled
2024.12.12 14:56:44,20306151284,Crash 500 Index,sell limit,1 / 0,1,4124.96,4124.96,4126.911,,2024.12.12 15:55:45,rejected
2024.12.12 14:56:59,20306151433,Crash 500 Index,sell limit,1 / 0,1,4125.079,4125.079,4126.979,,2024.12.12 15:55:57,rejected
2024.12.12 16:00:32,20306189537,Crash 500 Index,buy,1 / 1,1,4127.676,4127.676,,,2024.12.12 16:00:33,filled
2024.12.12 16:00:50,20306189741,Crash 500 Index,buy,1 / 1,1,4127.79,4127.79,,,2024.12.12 16:00:51,filled
2024.12.12 16:00:59,20306189833,Crash 500 Index,buy,1 / 1,1,4127.87,4127.87,,,2024.12.12 16:01:00,filled
2024.12.12 16:03:43,20306191614,Crash 500 Index,sell limit,1 / 1,1,4136.617,4136.617,,,2024.12.12 16:21:13,filled
2024.12.12 16:04:14,20306191945,Crash 500 Index,sell limit,1 / 1,1,4136.503,4136.503,,,2024.12.12 16:21:01,filled
2024.12.12 16:06:46,20306193669,Boom 1000 Index,sell,0.5 / 0.5,0.5,,market,,,2024.12.12 16:06:47,filled
2024.12.12 16:07:18,20306194083,Boom 1000 Index,buy,0.5 / 0.5,0.5,,market,,,2024.12.12 16:07:18,filled
2024.12.12 16:48:45,20306217757,Crash 500 Index,buy,1 / 1,1,,market,,,2024.12.12 16:48:46,filled
2024.12.12 16:48:50,20306217807,Crash 500 Index,buy,1 / 1,1,,market,,,2024.12.12 16:48:51,filled
2024.12.12 16:50:14,20306218608,Volatility 50 Index,buy,4 / 4,4,,market,,,2024.12.12 16:50:14,filled
2024.12.12 16:50:14,20306218610,Volatility 50 Index,buy,4 / 4,4,,market,,,2024.12.12 16:50:14,filled
2024.12.12 16:50:14,20306218620,Volatility 50 Index,buy,4 / 4,4,,market,,,2024.12.12 16:50:16,filled
2024.12.12 16:50:21,20306218692,Volatility 50 Index,buy,4 / 4,4,,market,,,2024.12.12 16:50:22,filled
2024.12.12 16:50:21,20306218696,Volatility 50 Index,buy,4 / 4,4,,market,,,2024.12.12 16:50:22,filled
2024.12.12 16:50:22,20306218697,Volatility 50 Index,buy,4 / 4,4,,market,,,2024.12.12 16:50:22,filled
2024.12.12 16:50:22,20306218699,Volatility 50 Index,buy,4 / 4,4,,market,,,2024.12.12 16:50:22,filled
2024.12.12 16:50:22,20306218709,Volatility 50 Index,buy,4 / 4,4,,market,,,2024.12.12 16:50:24,filled
2024.12.12 16:51:34,20306219450,Volatility 50 Index,sell,4 / 4,4,,market,,,2024.12.12 16:51:34,filled
2024.12.12 16:51:34,20306219451,Volatility 50 Index,sell,4 / 4,4,,market,,,2024.12.12 16:51:34,filled
2024.12.12 16:51:34,20306219452,Volatility 50 Index,sell,4 / 4,4,,market,,,2024.12.12 16:51:34,filled
2024.12.12 16:51:34,20306219453,Volatility 50 Index,sell,4 / 4,4,,market,,,2024.12.12 16:51:34,filled
2024.12.12 16:51:34,20306219454,Volatility 50 Index,sell,4 / 4,4,,market,,,2024.12.12 16:51:34,filled
2024.12.12 16:51:34,20306219455,Volatility 50 Index,sell,4 / 4,4,,market,,,2024.12.12 16:51:34,filled
2024.12.12 16:51:34,20306219456,Volatility 50 Index,sell,4 / 4,4,,market,,,2024.12.12 16:51:34,filled
2024.12.12 16:51:34,20306219457,Volatility 50 Index,sell,4 / 4,4,,market,,,2024.12.12 16:51:34,filled
2024.12.12 16:51:58,20306219721,Volatility 50 Index,buy,4 / 4,4,,market,,,2024.12.12 16:52:00,filled
2024.12.12 16:51:59,20306219722,Volatility 50 Index,buy,4 / 4,4,,market,,,2024.12.12 16:52:00,filled
2024.12.12 16:51:59,20306219723,Volatility 50 Index,buy,4 / 4,4,,market,,,2024.12.12 16:52:00,filled
2024.12.12 16:51:59,20306219729,Volatility 50 Index,buy,4 / 4,4,,market,,,2024.12.12 16:52:00,filled
2024.12.12 16:51:59,20306219730,Volatility 50 Index,buy,4 / 4,4,,market,,,2024.12.12 16:52:00,filled
2024.12.12 16:51:59,20306219732,Volatility 50 Index,buy,4 / 4,4,,market,,,2024.12.12 16:52:00,filled
2024.12.12 16:51:59,20306219733,Volatility 50 Index,buy,4 / 4,4,,market,,,2024.12.12 16:52:00,filled
2024.12.12 16:52:00,20306219734,Volatility 50 Index,buy,4 / 4,4,,market,,,2024.12.12 16:52:00,filled
2024.12.12 16:52:59,20306220472,Volatility 50 Index,sell,4 / 4,4,,market,,,2024.12.12 16:53:00,filled
2024.12.12 16:52:59,20306220473,Volatility 50 Index,sell,4 / 4,4,,market,,,2024.12.12 16:53:00,filled
2024.12.12 16:52:59,20306220474,Volatility 50 Index,sell,4 / 4,4,,market,,,2024.12.12 16:53:00,filled
2024.12.12 16:52:59,20306220475,Volatility 50 Index,sell,4 / 4,4,,market,,,2024.12.12 16:53:00,filled
2024.12.12 16:52:59,20306220476,Volatility 50 Index,sell,4 / 4,4,,market,,,2024.12.12 16:53:00,filled
2024.12.12 16:52:59,20306220477,Volatility 50 Index,sell,4 / 4,4,,market,,,2024.12.12 16:53:00,filled
2024.12.12 16:52:59,20306220478,Volatility 50 Index,sell,4 / 4,4,,market,,,2024.12.12 16:53:00,filled
2024.12.12 16:52:59,20306220479,Volatility 50 Index,sell,4 / 4,4,,market,,,2024.12.12 16:53:00,filled
2024.12.12 16:54:37,20306221348,Step Index,sell,0.2 / 0.2,0.2,,market,,,2024.12.12 16:54:37,filled
2024.12.12 16:54:37,20306221352,Step Index,sell,0.2 / 0.2,0.2,,market,,,2024.12.12 16:54:38,filled
2024.12.12 16:54:37,20306221357,Step Index,sell,0.2 / 0.2,0.2,,market,,,2024.12.12 16:54:38,filled
2024.12.12 16:54:37,20306221359,Step Index,sell,0.2 / 0.2,0.2,,market,,,2024.12.12 16:54:38,filled
2024.12.12 16:54:40,20306221430,Step Index,sell,0.2 / 0.2,0.2,,market,,,2024.12.12 16:54:41,filled
2024.12.12 16:54:40,20306221433,Step Index,sell,0.2 / 0.2,0.2,,market,,,2024.12.12 16:54:41,filled
2024.12.12 16:54:40,20306221435,Step Index,sell,0.2 / 0.2,0.2,,market,,,2024.12.12 16:54:41,filled
2024.12.12 16:54:40,20306221436,Step Index,sell,0.2 / 0.2,0.2,,market,,,2024.12.12 16:54:41,filled
2024.12.12 16:54:58,20306221651,Step Index,buy,0.2 / 0.2,0.2,,market,,,2024.12.12 16:54:59,filled
2024.12.12 16:54:58,20306221652,Step Index,buy,0.2 / 0.2,0.2,,market,,,2024.12.12 16:54:59,filled
2024.12.12 16:54:58,20306221653,Step Index,buy,0.2 / 0.2,0.2,,market,,,2024.12.12 16:54:59,filled
2024.12.12 16:54:58,20306221654,Step Index,buy,0.2 / 0.2,0.2,,market,,,2024.12.12 16:54:59,filled
2024.12.12 16:54:58,20306221655,Step Index,buy,0.2 / 0.2,0.2,,market,,,2024.12.12 16:54:59,filled
2024.12.12 16:54:58,20306221656,Step Index,buy,0.2 / 0.2,0.2,,market,,,2024.12.12 16:54:59,filled
2024.12.12 16:54:58,20306221657,Step Index,buy,0.2 / 0.2,0.2,,market,,,2024.12.12 16:54:59,filled
2024.12.12 16:54:58,20306221658,Step Index,buy,0.2 / 0.2,0.2,,market,,,2024.12.12 16:54:59,filled
2024.12.12 16:57:14,20306223076,Step Index,sell,0.2 / 0.2,0.2,,market,,,2024.12.12 16:57:14,filled
2024.12.12 16:57:14,20306223078,Step Index,sell,0.2 / 0.2,0.2,,market,,,2024.12.12 16:57:15,filled
2024.12.12 16:57:16,20306223095,Step Index,sell,0.2 / 0.2,0.2,,market,,,2024.12.12 16:57:17,filled
2024.12.12 16:57:37,20306223240,Step Index,buy,0.2 / 0.2,0.2,,market,,,2024.12.12 16:57:38,filled
2024.12.12 16:57:37,20306223241,Step Index,buy,0.2 / 0.2,0.2,,market,,,2024.12.12 16:57:38,filled
2024.12.12 16:57:37,20306223242,Step Index,buy,0.2 / 0.2,0.2,,market,,,2024.12.12 16:57:38,filled
2024.12.12 16:57:51,20306223388,Step Index,sell,0.2 / 0.2,0.2,,market,,,2024.12.12 16:57:52,filled
2024.12.12 16:57:52,20306223397,Step Index,sell,0.2 / 0.2,0.2,,market,,,2024.12.12 16:57:53,filled
2024.12.12 16:57:52,20306223399,Step Index,sell,0.2 / 0.2,0.2,,market,,,2024.12.12 16:57:53,filled
2024.12.12 16:57:53,20306223410,Step Index,sell,0.2 / 0.2,0.2,,market,,,2024.12.12 16:57:54,filled
2024.12.12 16:57:53,20306223413,Step Index,sell,0.2 / 0.2,0.2,,market,,,2024.12.12 16:57:54,filled
2024.12.12 16:58:06,20306223564,Step Index,buy,0.2 / 0.2,0.2,,market,,,2024.12.12 16:58:07,filled
2024.12.12 16:58:06,20306223565,Step Index,buy,0.2 / 0.2,0.2,,market,,,2024.12.12 16:58:07,filled
2024.12.12 16:58:06,20306223566,Step Index,buy,0.2 / 0.2,0.2,,market,,,2024.12.12 16:58:07,filled
2024.12.12 16:58:06,20306223567,Step Index,buy,0.2 / 0.2,0.2,,market,,,2024.12.12 16:58:07,filled
2024.12.12 16:58:06,20306223568,Step Index,buy,0.2 / 0.2,0.2,,market,,,2024.12.12 16:58:07,filled
2024.12.12 16:58:34,20306223799,Step Index,sell,0.2 / 0.2,0.2,,market,,,2024.12.12 16:58:34,filled
2024.12.12 16:58:34,20306223801,Step Index,sell,0.2 / 0.2,0.2,,market,,,2024.12.12 16:58:35,filled
2024.12.12 16:58:34,20306223802,Step Index,sell,0.2 / 0.2,0.2,,market,,,2024.12.12 16:58:35,filled
2024.12.12 16:58:34,20306223803,Step Index,sell,0.2 / 0.2,0.2,,market,,,2024.12.12 16:58:35,filled
2024.12.12 16:58:35,20306223804,Step Index,sell,0.2 / 0.2,0.2,,market,,,2024.12.12 16:58:35,filled
2024.12.12 16:58:35,20306223806,Step Index,sell,0.2 / 0.2,0.2,,market,,,2024.12.12 16:58:35,filled
2024.12.12 16:58:35,20306223810,Step Index,sell,0.2 / 0.2,0.2,,market,,,2024.12.12 16:58:36,filled
2024.12.12 16:58:35,20306223818,Step Index,sell,0.2 / 0.2,0.2,,market,,,2024.12.12 16:58:36,filled
2024.12.12 16:58:45,20306223890,Step Index,buy,0.2 / 0.2,0.2,8269.2,8269.2,,,2024.12.12 16:58:45,filled
2024.12.12 16:59:02,20306224109,Step Index,buy,0.2 / 0.2,0.2,8269.3,8269.3,,,2024.12.12 16:59:02,filled
2024.12.12 16:59:03,20306224123,Step Index,buy,0.2 / 0.2,0.2,8269.4,8269.4,,,2024.12.12 16:59:03,filled
2024.12.12 16:59:04,20306224134,Step Index,buy,0.2 / 0.2,0.2,8269.5,8269.5,,,2024.12.12 16:59:04,filled
2024.12.12 16:59:05,20306224143,Step Index,buy,0.2 / 0.2,0.2,8269.6,8269.6,,,2024.12.12 16:59:05,filled
2024.12.12 16:59:19,20306224293,Step Index,buy,0.2 / 0.2,0.2,8269.8,8269.8,,,2024.12.12 16:59:19,filled
2024.12.12 16:59:21,20306224316,Step Index,buy,0.2 / 0.2,0.2,,market,,,2024.12.12 16:59:21,filled
2024.12.12 16:59:21,20306224317,Step Index,buy,0.2 / 0.2,0.2,,market,,,2024.12.12 16:59:21,filled
2024.12.12 16:59:48,20306224492,Step Index,sell,0.2 / 0.2,0.2,,market,,,2024.12.12 16:59:49,filled
2024.12.12 17:00:39,20306225132,Step Index,buy,0.2 / 0.2,0.2,,market,,,2024.12.12 17:00:40,filled
2024.12.12 17:03:34,20306226806,Crash 500 Index,sell limit,1 / 0,1,4189.249,4189.249,4195.105,4072.004,2024.12.13 05:08:50,canceled
2024.12.12 17:04:10,20306227050,Crash 500 Index,sell limit,1 / 0,1,4189.288,4189.288,4195.254,4072.004,2024.12.13 05:08:47,canceled
2024.12.12 17:21:36,20306236607,Boom 1000 Index,sell limit,0.5 / 0,0.5,20168.3875,20168.3875,20172.2829,19888.7045,2024.12.12 17:53:30,canceled
2024.12.12 18:13:52,20306269733,Boom 1000 Index,sell limit,0.5 / 0,0.5,20186.0426,20186.0426,20192.5311,,2024.12.12 21:30:27,canceled
2024.12.12 18:40:08,20306285646,Boom 1000 Index,sell,0.5 / 0.5,0.5,,market,,,2024.12.12 18:40:09,filled
2024.12.12 20:58:53,20306360448,Boom 1000 Index,buy,0.5 / 0.5,0.5,20085.2147,20085.2147,,,2024.12.12 20:58:54,filled
2024.12.12 21:01:58,20306361902,Boom 1000 Index,sell,0.5 / 0.5,0.5,,market,,,2024.12.12 21:01:58,filled
2024.12.12 21:24:29,20306373101,Boom 1000 Index,buy,0.5 / 0.5,0.5,20090.4335,20090.4335,,,2024.12.12 21:24:30,filled
2024.12.12 21:45:02,20306383048,Boom 1000 Index,buy limit,0.5 / 0,0.5,20064.1206,20064.1206,,20091.537,2024.12.12 21:47:19,rejected
2024.12.12 21:45:51,20306383416,Boom 1000 Index,buy,0.4 / 0.4,0.4,,market,,,2024.12.12 21:45:52,filled
2024.12.12 21:57:04,20306388552,Boom 1000 Index,sell,0.4 / 0.4,0.4,,market,,,2024.12.12 21:57:04,filled
2024.12.12 21:59:00,20306389444,Boom 1000 Index,buy limit,1 / 0,1,19856.6969,19856.6969,19845.6803,,2024.12.12 23:00:57,canceled
2024.12.12 23:00:14,20306418462,Boom 1000 Index,buy limit,0.5 / 0,0.5,19857.2023,19857.2023,19843.2517,,2024.12.13 04:16:36,canceled
2024.12.13 04:15:52,20306514304,Boom 1000 Index,buy,0.5 / 0.5,0.5,,market,,,2024.12.13 04:15:53,filled
2024.12.13 04:22:13,20306516413,Boom 1000 Index,buy limit,0.5 / 0,0.5,19887.4136,19887.4136,19845.5722,,2024.12.13 05:03:43,canceled
2024.12.13 06:23:53,20306573758,Crash 500 Index,sell limit,1 / 1,1,4189.702,4189.702,4194.257,,2024.12.13 07:02:23,filled
2024.12.13 06:24:01,20306573806,Crash 500 Index,sell limit,1 / 1,1,4189.539,4189.539,4194.257,,2024.12.13 07:02:04,filled
2024.12.13 06:24:17,20306573978,Crash 500 Index,sell limit,1 / 1,1,4189.539,4189.539,4194.257,,2024.12.13 07:02:04,filled
2024.12.13 06:24:29,20306574063,Crash 500 Index,sell limit,1 / 0,1,4189.784,4189.784,4194.257,,2024.12.13 07:02:32,rejected
2024.12.13 07:45:37,20306625284,Crash 500 Index,buy,1 / 1,1,,market,,,2024.12.13 07:45:38,filled
2024.12.13 07:45:45,20306625351,Crash 500 Index,buy,1 / 1,1,,market,,,2024.12.13 07:45:46,filled
2024.12.13 07:45:48,20306625368,Crash 500 Index,buy,1 / 1,1,4194.257,4194.257,,,2024.12.13 07:45:49,filled
2024.12.13 07:46:38,20306625896,Crash 500 Index,sell limit,1 / 0,1,4206.86,4206.86,4209.595,,2024.12.13 08:18:26,canceled
2024.12.13 07:58:22,20306632462,Crash 500 Index,sell limit,1 / 0,1,4206.86,4206.86,4209.833,,2024.12.13 08:18:20,canceled
2024.12.13 07:58:53,20306632726,Crash 500 Index,sell limit,1 / 0,1,4206.979,4206.979,4209.833,,2024.12.13 08:18:06,canceled
2024.12.13 08:04:28,20306638431,Boom 1000 Index,buy limit,0.5 / 0,0.5,19860.2452,19860.2452,19844.7207,,2024.12.13 08:25:11,rejected
2024.12.13 08:35:01,20306662012,Boom 1000 Index,sell,0.5 / 0.5,0.5,,market,,,2024.12.13 08:35:02,filled
2024.12.13 08:39:27,20306664306,Boom 1000 Index,buy limit,0.5 / 0.5,0.5,19766.0913,19766.0913,19746.3628,,2024.12.13 20:37:35,filled
2024.12.13 09:08:09,20306683908,Crash 500 Index,sell limit,1 / 0,1,4198.444,4198.444,4200.695,,2024.12.13 11:17:19,canceled
2024.12.13 09:08:18,20306684026,Crash 500 Index,sell limit,1 / 0,1,4198.444,4198.444,4200.695,,2024.12.13 11:17:15,canceled
2024.12.13 09:08:26,20306684089,Crash 500 Index,sell limit,1 / 0,1,4198.444,4198.444,4200.695,,2024.12.13 11:17:11,canceled
2024.12.13 09:10:13,20306685134,Boom 1000 Index,buy,0.5 / 0.5,0.5,,market,,,2024.12.13 09:10:13,filled
2024.12.13 10:32:48,20306738402,Boom 1000 Index,sell,0.5 / 0.5,0.5,19829.3261,19829.3261,,,2024.12.13 10:32:49,filled
2024.12.13 11:17:40,20306766117,Boom 1000 Index,buy,0.5 / 0.5,0.5,,market,,,2024.12.13 11:17:41,filled
2024.12.13 11:22:32,20306769194,Crash 500 Index,sell limit,1 / 0,1,4198.576,4198.576,4199.789,,2024.12.13 11:24:50,canceled
2024.12.13 11:22:57,20306769498,Crash 500 Index,sell limit,1 / 0,1,4198.576,4198.576,4199.664,,2024.12.13 11:24:53,canceled
2024.12.13 11:23:35,20306769923,Crash 500 Index,sell limit,1 / 0,1,4198.492,4198.492,4199.733,,2024.12.13 11:24:42,canceled
2024.12.13 11:45:05,20306785429,Crash 500 Index,sell,1 / 1,1,,market,,,2024.12.13 11:45:06,filled
2024.12.13 11:58:59,20306794908,Crash 500 Index,buy,1 / 1,1,4204.599,4204.599,,,2024.12.13 11:59:00,filled
2024.12.13 11:59:15,20306795230,Crash 500 Index,sell,1 / 1,1,,market,,,2024.12.13 11:59:16,filled
2024.12.13 12:08:26,20306803325,Crash 500 Index,buy,1 / 1,1,,market,,,2024.12.13 12:08:27,filled
2024.12.13 12:51:00,20306830199,Crash 500 Index,sell limit,1 / 0,1,4229.082,4229.082,4235.054,,2024.12.13 14:10:10,rejected
2024.12.13 12:51:28,20306830474,Crash 500 Index,sell limit,1 / 0,1,4229.082,4229.082,4235.718,,2024.12.13 14:09:32,canceled
2024.12.13 13:17:41,20306846144,Crash 500 Index,sell,0.2 / 0.2,0.2,,market,,,2024.12.13 13:17:42,filled
2024.12.13 13:17:42,20306846154,Crash 500 Index,sell,0.2 / 0.2,0.2,,market,,,2024.12.13 13:17:43,filled
2024.12.13 13:17:42,20306846156,Crash 500 Index,sell,0.2 / 0.2,0.2,,market,,,2024.12.13 13:17:43,filled
2024.12.13 13:17:42,20306846160,Crash 500 Index,sell,0.2 / 0.2,0.2,,market,,,2024.12.13 13:17:43,filled
2024.12.13 13:19:13,20306847195,Crash 500 Index,buy,0.2 / 0.2,0.2,,market,,,2024.12.13 13:19:14,filled
2024.12.13 13:19:18,20306847226,Crash 500 Index,buy,0.2 / 0.2,0.2,,market,,,2024.12.13 13:19:19,filled
2024.12.13 13:19:24,20306847265,Crash 500 Index,buy,0.2 / 0.2,0.2,,market,,,2024.12.13 13:19:25,filled
2024.12.13 13:19:30,20306847322,Crash 500 Index,buy,0.2 / 0.2,0.2,,market,,,2024.12.13 13:19:30,filled
